1976 3432
836 179 879 220 Ἀθ.
946 188 964 215 r

675 241 1004 311 cAnMiNUiu
1033 269 1141 310 Lm.
1171 269 1249 310 1v.

403 388 539 437 Coelo
562 387 702 437 Musa
724 389 849 437 beat:
903 389 984 437 Sic
1006 389 1136 443 Jovis
1158 388 1352 437 interest

402 453 590 517 Optatis
613 456 763 520 epulis
786 456 983 518 impiger
1006 455 1263 503 Hercules:

403 519 598 567 Clarum
621 520 907 582 Tyndaridae
925 522 1054 568 sidus
1078 522 1136 568 ab
1160 520 1333 568 infimis

402 584 619 636 Quassas
641 587 843 649 eripiunt
864 587 1126 650 aequoribus
1149 595 1298 634 rates:

403 649 615 699 Ornatus
638 652 770 700 viridi
795 662 1002 716 tempora
1024 652 1245 716 pampino

406 716 547 765 Liber
570 727 674 772 vota
698 718 845 779 bonos
867 719 997 767 ducit
1020 720 1079 766 ad
1102 719 1268 766 exitus.
1329 782 1340 805 x

811 966 949 1026 oDE
983 979 1123 1027 v111.

805 1094 871 1125 AD
894 1080 1124 1127 LQLLIUM.

405 1178 454 1226 Ν
458 1196 486 1226 Ε
512 1175 628 1225 forte
654 1177 817 1224 credas
840 1177 1083 1224 interitura
1104 1172 1224 1240 quae,

407 1242 572 1307 Longe
597 1253 842 1290 sonantem
865 1253 1002 1290 natus
1025 1244 1082 1290 ad
1108 1243 1353 1305 Aufidum,

471 1310 584 1357 Non
609 1307 717 1356 ante
743 1309 953 1371 vulgatas
975 1326 1057 1371 per
1080 1318 1203 1357 artes

536 1377 694 1423 Verba
715 1376 875 1437 loquor
899 1375 1122 1422 socianda
1144 1376 1344 1424 chordis.

405 1441 537 1501 Non,
562 1442 599 1488 si
626 1442 798 1504 priores
822 1440 1055 1487 Maeonius
1078 1450 1209 1488 tenet

406 1509 556 1554 Sedes
579 1507 830 1564 Homerus,
857 1506 1117 1553 Pindaricae
1141 1507 1302 1568 latent,

471 1574 690 1635 Ceaeque,
715 1583 762 1619 et
785 1573 936 1618 Alcaei
955 1573 1181 1632 minaces,

538 1639 883 1699 Stesichorique
907 1654 1070 1700 graves
1093 1638 1358 1686 Camoenae:

406 1704 529 1764 Nec,
554 1705 591 1751 si
615 1705 726 1765 quid
749 1704 859 1751 olim
883 1698 991 1754 lu’sit
1015 1705 1288 1766 Anacreon,

404 1770 591 1817 Delevit
614 1780 751 1816 aetas:
787 1770 928 1832 spirat
951 1770 1105 1815 adhuc
1130 1786 1274 1830 amor,

473 1836 740 1895 Vivuntque
764 1835 999 1882 commissi
1023 1835 1200 1882 calores

491 1925 494 1927 >
539 1900 707 1947 AEoliae
732 1899 900 1946 fidibus
923 1900 1104 1961 puellae.

406 1965 518 2015 Non
541 1966 638 2012 sola
660 1974 869 2028 comptos
892 1965 1003 2012 arsit
1086 1964 1223 2012 ulteri

406 2033 592 2090 CrineS,
616 2042 663 2079 et
687 2047 849 2078 aurum
879 2031 1042 2078 vestib1
1061 2047 1083 2077 s
1107 2031 1270 2078 illitum

473 2097 661 2156 Mirata‚
684 2097 954 2160 regalesque
978 2096 1148 2156 cultus,

537 2163 598 2210 Et
621 2164 830 2221 comites,
857 2162 1040 2209 Helene
1065 2162 1304 2210 Lacaenaz'

407 2230 646 2278 Primusve
670 2227 860 2276 Teucer
884 2229 976 2275 tela
1000 2229 1214 2290 Cydonio

408 2296 592 2343 Direxit
615 2311 753 2342 arcu:
789 2311 883 2341 non
908 2295 1050 2340 semel
1076 2293 1187 2342 Ilios

471 2361 654 2408 Vexata
675 2377 685 2407 ε
720 2377 814 2407 non
839 2361 1061 2422 pugnavit
1085 2361 1252 2423 ingens

540 2426 821 2473 Idomeneus
847 2426 1153 2474 Sthenelusve
1178 2426 1301 2473 solus

408 2492 626 2540 Dicenda
652 2491 802 2537 Musis
824 2491 1007 2553 proelia:
1045 2507 1138 2538 non
1163 2491 1292 2538 ferox

410 2559 606 2617 Hector,
630 2557 701 2603 vel
727 2573 833 2603 acer
859 2555 1134 2618 Deiphobus
1157 2572 1320 2619 graves

475 2623 674 2685 Excepit
698 2623 818 2669 ictus
842 2639 924 2684 pro
958 2622 1140 2684 pudicis

538 2688 830 2750 Conjugibus
854 2688 1098 2750 puerisque
1122 2688 1312 2750 primus.

409 2753 584 2803 Vixere
609 2754 748 2802 fortes
771 2764 877 2800 ante
902 2753 1262 2816 Agamemnona

411 2821 578 2869 Multi:
614 2820 695 2866 sed
719 2835 883 2866 omnes
907 2818 1264 2880 illacrymabiles

476 2886 727 2948 Urgentur,
753 2884 1006 2947 ignotique,
1031 2884 1171 2948 longa

541 2951 711 3010 Nocte,
737 2959 898 2997 carent
920 2950 1027 3012 quia
1052 2960 1153 2997 vate
1177 2965 1322 2998 sacro.

412 3014 612 3063 Paulum
637 3016 828 3079 sepultae
853 3016 992 3062 distat
1016 3016 1194 3063 inertiae

412 3082 576 3129 Celata
598 3082 754 3129 virtus.
813 3080 859 3127 N
864 3098 923 3128 on
948 3097 1035 3144 ego
1059 3091 1104 3128 te
1129 3082 1245 3129 meis
1307 3131 1312 3139 ,

477 3146 665 3193 Chattis
690 3147 955 3194 inornatum
980 3147 1143 3206 silebo,

542 3210 693 3259 Totve
717 3220 822 3258 tuos
844 3213 991 3274 patiar
1015 3212 1195 3259 labores

1718 1771 1781 1835 1⁰

1720 2097 1782 2144 15
