1924 3412
724 227 774 275 Q.
803 227 1045 268 HORATII
1073 227 1279 280 FLACCI

314 345 420 395 Nos
441 356 610 394 manet·
624 348 850 395 Oceanus
873 349 1052 394 circum
1076 364 1223 410 vagus
1246 364 1355 396 arva
1375 365 1385 396 ε
1421 349 1558 398 beata

310 471 312 474 .
382 412 603 460 Petamus
626 429 750 472 arva,
775 414 940 460 divites
963 423 1010 461 et
1034 415 1227 474 insulas,

315 477 499 526 Reddit
522 480 602 525 ubi
627 479 849 526 Cererem
874 479 1010 526 tellus
1034 480 1214 543 inarata
1235 481 1501 542 quotannis,

382 544 443 591 Et
465 545 691 607 imputata
714 544 845 591 floret
867 560 1014 606 usque
1038 546 1189 604 vinea',

313 609 560 657 Germinat
583 621 631 657 et
652 627 890 672 nunquam
918 612 1119 658 fallentis
1144 620 1314 658 termes
1337 612 1488 672 olivae,

379 676 618 738 Suamque
641 677 769 739 pulla
793 677 909 724 ficus
931 687 1066 739 ornat
1090 678 1318 736 arborem,

314 740 461 789 Mella
484 744 599 790 cava
625 753 817 790 manant
839 760 898 790 ex
922 743 1049 801 ilice,
1073 744 1310 790 montibus
1334 743 1440 790 altis

379 807 520 855 Levis
543 818 764 871 crepante
787 810 976 871 lympha
999 809 1153 855 desilit
1175 811 1310 871 pede.

313 871 419 920 Illic
443 873 631 936 injussae
656 876 850 921 veniunt
873 875 931 921 ad
957 875 1155 921 mulctra
1178 875 1401 937 capellae,x

380 939 639 1002 Refertque
663 950 794 987 tenta
816 957 930 1002 grex
953 941 1132 987 amicus
1157 941 1326 997 ubera3

313 1005 421 1052 Nec
445 1008 736 1069 vespertinus
760 1007 1087 1068 circumgemit
1111 1022 1245 1053 ursus
1268 1007 1405 1066 ovile,
1470 1016 1475 1025 “

378 1070 486 1118 Nec
511 1073 786 1120 intumescit
809 1073 901 1118 alta
924 1072 1092 1134 viperis
1116 1073 1314 1129 humus;
1384 1113 1386 1115 ,

311 1136 460 1184 Nulla
483 1149 656 1185 nocent
679 1139 835 1200 pecori
860 1139 1094 1199 contagia,
1118 1138 1292 1184 nullius
1318 1137 1428 1184 astri

377 1201 588 1267 Gregem
615 1214 812 1251 aestuosa
835 1213 977 1250 torret
1000 1203 1286 1265 impotentia.

312 1272 544 1333 Pluraque
570 1271 728 1318 felices
754 1270 1052 1326 mirabimur-3
1090 1278 1140 1315 ut
1164 1285 1316 1330 neque
1334 1269 1478 1332 largis

378 1339 597 1401 Aquosus
622 1336 780 1383 Eurus
800 1352 907 1394 arva
930 1336 1062 1382 radat
1086 1335 1328 1394 imbribus,

311 1403 514 1467 Pinguia
536 1418 627 1449 nec
650 1402 1005 1448 siccis'urantur
1030 1401 1210 1447 semina
1231 1401 1398 1463 glebis,

379 1471 637 1530 Utrumque
661 1484 772 1530 rege
796 1475 1086 1529 temperante
1110 1467 1332 1513 coelitum.

311 1536 424 1584 Non
450 1537 543 1582 huc
568 1536 728 1596 Argoo
752 1533 994 1580 contendit
1016 1533 1191 1593 remige
1215 1533 1371 1595 pinus,

377 1602 546 1663 Neque
566 1600 804 1662 impudica
827 1598 1019 1645 Colchis
1042 1598 1197 1645 intulit
1219 1599 1385 1660 pedem
1402 1614 1415 1655 ;

312 1667 362 1715 N
365 1685 428 1716 on
454 1669 546 1714 huc
571 1666 754 1717 Sidonii
779 1673 1013 1712 torserunt
1036 1680 1213 1711 cornua
1236 1674 1408 1724 nautae,

375 1734 630 1781 Laboriosa
654 1748 743 1778 nec
768 1732 933 1778 cohors
957 1730 1167 1792 Ulyssei':

310 1799 494 1863 Jupiter
518 1799 597 1846 illa
620 1799 707 1860 piae
732 1797 928 1844 secrevit
951 1796 1104 1843 littora
1126 1795 1271 1858 genti,

377 1866 440 1914 Ut
463 1865 723 1926 inquinavit
747 1879 837 1909 aere
861 1872 1043 1924 tempus
1067 1877 1288 1918 aureum;

311 1931 444 1991 AEre,
469 1931 642 1978 dehinc
669 1931 788 1976 ferro
811 1929 992 1979 duravit
1015 1927 1203 1986 saecula,
1228 1942 1426 1989 quorum

375 1997 475 2046 Piis
497 1996 725 2056 secunda„
749 2004 852 2042 vate
877 2010 969 2054 me,
994 1994 1128 2040 datur
1153 1992 1276 2056 fuga.

986 2195 1034 2224 »ι

853 2291 991 2339 ODE
1025 2289 1146 2337 XII.

822 2406 887 2438 AD
913 2405 1176 2438 CANIDIAM.

879 2513 1118 2540 HORATIUS.

441 2585 472 2634 J
476 2603 547 2635 AM
568 2587 664 2650 jam
684 2584 864 2633 efficaci
889 2587 949 2633 do
972 2601 1140 2632 manus
1163 2582 1400 2639 scientiae;

444 2654 654 2716 Supplex
676 2663 723 2699 et
745 2669 826 2699 oro
849 2668 994 2715 regna
1016 2668 1098 2714 per
1123 2650 1430 2711 Proserpinae,

441 2719 532 2765 Per
551 2729 598 2765 et
623 2718 790 2765 Dianae
814 2735 909 2765 non
933 2716 1163 2764 movenda
1196 2715 1408 2772 numina,

442 2784 531 2830 Per
559 2794 695 2846 atque
720 2785 862 2831 libros
886 2783 1148 2829 carminum
1174 2779 1429 2827 valentium

442 2849 614 2896 Refixa
638 2850 756 2895 coelo
781 2847 1196 2904 devocaresidera,

443 2915 663 2973 Canidia,
688 2931 828 2976 parce
853 2914 1044 2961 vocibus
1067 2912 1256 2959 tandem
1278 2909 1443 2969 sacris,

443 2979 696 3040 Citumque
721 2990 842 3026 retro
868 2979 1009 3036 solve,
1034 2978 1175 3035 solve,
1202 2975 1451 3023 turbinem.

445 3044 595 3092 Movit
619 3055 835 3107 nepotem
861 3045 1102 3106 Telephus
1126 3041 1375 3099 Nereium,

443 3109 502 3158 In
526 3127 665 3173 quern
689 3111 914 3173 superbus
938 3110 1177 3156 ordinarat
1200 3108 1388 3170 agmina

444 3175 706 3239 Mysorum,
732 3187 778 3223 et
801 3177 850 3223 in
873 3192 1014 3238 quem
1036 3175 1130 3223 tela·
1152 3183 1289 3221 acuta
1313 3179 1522 3219 torserat-

1756 3169 1816 3216 lo
