1924 3412
703 229 951 270 CARMEN
981 224 1313 291 SAECULARE.

454 347 660 397 Condito
673 349 808 397 mitis
829 348 1136 412 placidusque
1159 349 1254 397 telo

453 415 702 478 Supplices
725 415 835 462 audi
857 416 1052 477 puerOS,=
1068 414 1268 477 Apollo:

454 481 675 528 Siderum
698 481 862 548 regina
885 481 1107 539 bicorniS,
1131 480 1260 540 audi,

845 546 999 606 Luna,
1022 546 1216 608 puellas.

453 611 611 660 Roma
633 612 673 659 si
697 621 902 659 vestrum
925 623 996 659 est
1018 627 1151 674 opus,
1176 611 1369 675 Ilioeque

451 677 606 726 Littus
627 677 882 725 Etruscum
906 676 1102 725 tenuere
1124 686 1307 738 turmae,

451 743 594 792 Jussa
614 760 722 806 pars
746 753 926 791 mutare
950 742 1095 790 Lares
1117 753 1165 790 et
1186 745 1353 791 urbem

845 810 1029 872 Sospite
1053 825 1212 868 cursu,

453 875 546 922 Cui
568 891 650 937 per
675 875 919 922 ardentem
943 876 1046 922 sine
1071 875 1231 922 staude
1256 873 1452 938 Trojam

451 941 624 988 Castus
649 939 845 1000 AEneas,
869 942 1029 1003 patriae
1053 950 1304 1003 supersteS,

450 1006 675 1054 Liberum
698 1007 897 1053 munivit
920 1008 1022 1065 iter,
1048 1006 1242 1054 daturus

842 1073 983 1120 Plura
1006 1073 1209 1119 relictis:

450 1136 533 1198 Di,
554 1138 724 1202 probos
746 1154 900 1185 mores
923 1139 1064 1185 docili
1084 1139 1308 1201 juventae,

452 1204 534 1265 Di,
566 1205 797 1252 senectuti
820 1204 1018 1267 placidae
1040 1201 1282 1266 quietem,'

451 1270 672 1318 Romulae
696 1271 827 1334 genti
851 1271 958 1318 date
982 1286 1174 1332 remque
1196 1270 1469 1333 prolemque

843 1336 906 1383 Et
928 1337 1074 1383 decus
1096 1352 1252 1384 omne.

449 1401 669 1465 Quaeque
689 1419 769 1450 vos
791 1402 941 1449 bobus
963 1410 1210 1450 veneratur
1232 1402 1351 1449 albis

451 1467 620 1516 Clarus
643 1469 870 1516 Anchisae
894 1469 1187 1530 Venerisque
1211 1468 1420 1531 sanguis,

451 1533 693 1598 Impetret,
717 1533 919 1582 bellante
942 1535 1082 1596 prior,
1101 1535 1340 1597 jacentem

842 1600 987 1647 Lenis
1010 1601 1058 1647 in
1084 1602 1280 1648 hostem.

450 1664 482 1712 J
485 1682 558 1712 am
584 1667 700 1718 mari
723 1666 938 1728 terraque
962 1683 1130 1713 manus
1152 1675 1368 1729 potentes

450 1729 623 1780 Medus
647 1733 950 1794 Albanasque
973 1733 1107 1780 timet
1130 1748 1347 1780 secures:
1484 1790 1489 1795 .

451 1796 480 1844 J
484 1814 559 1845 am
585 1800 773 1861 Scythae
796 1815 1019 1861 responsa
1041 1808 1222 1861 petunt,
1247 1797 1435 1861 superbi

839 1864 1022 1927 Nuper,
1041 1876 1088 1911 et
1111 1865 1236 1912 Indi.

450 1928 480 1976 J
484 1946 558 1977 am
582 1931 741 1990 Fides,
766 1939 813 1977 et
837 1930 950 1990 Pax,
974 1942 1022 1978 et
1045 1931 1228 1990 Honor,
1253 1931 1501 1993 Pudorque

456 1998 662 2057 Priscus,
687 2007 734 2044 et
756 1996 974 2058 neglecta
996 1997 1148 2044 redire
1172 1998 1336 2044 Virtus

452 2064 640 2122 Audet;
677 2072 960 2126 apparetque
986 2064 1119 2109 beata
1142 2063 1282 2124 pleno

845 2129 997 2191 Copia
1020 2145 1181 2176 cornu.

451 2197 619 2259 Augur
643 2204 690 2241 et
714 2193 920 2257 fulgente
944 2196 1144 2242 decorus
1168 2209 1281 2242 arcu

451 2263 675 2320 Phoebus,
699 2271 1011 2323 acceptusque
1035 2276 1202 2308 novem
1227 2259 1486 2320 Camoenis,

448 2328 551 2380 Qui
576 2327 766 2374 salutari
790 2327 914 2374 levat
937 2336 1034 2373 arte
1060 2326 1206 2374 fessos

843 2392 1064 2455 Corporis
1087 2402 1230 2452 artus,

453 2460 504 2508 Si
528 2459 764 2507 Palatinas
787 2458 913 2506 videt
936 2474 1097 2520 aequus
1121 2475 1250 2516 aras3

452 2526 671 2587 Remque
696 2524 964 2571 Romanam
987 2524 1267 2586 Latiumque
1292 2523 1402 2570 felix

454 2592 672 2638 Alterum
695 2590 744 2636 in
767 2589 965 2636 lustrum
990 2590 1247 2651 meliusque
1270 2604 1455 2651 semper

845 2655 1066 2717 Proroget
1092 2671 1256 2702 aevurn.

453 2723 672 2784 Quaeque
698 2721 986 2768 Aventinum
1012 2729 1142 2767 tenet
1165 2720 1501 2782 Algidumque,

451 2788 744 2838 Quindecim
769 2787 924 2833 Diana
946 2802 1109 2849 preces
1133 2786 1335 2832 virorum

455 2854 617 2912 Curet,
642 2862 690 2900 et
712 2853 830 2900 votis
853 2868 1101 2914 puerorum
1127 2851 1304 2897 amicas
1347 2859 1349 2861 '

847 2918 1241 2979 Applicet'aureS.

457 2983 578 3030 Haec
601 2982 630 3028 J
634 2999 767 3030 ovem
792 2983 964 3029 sentire
989 2983 1193 3043 deosque
1218 2989 1416 3028 cunctos

457 3050 600 3111 Spem
624 3049 794 3096 bonam
819 3058 1085 3108 certamque
1108 3048 1299 3094 domum
1320 3054 1523 3111 reporto,

456 3114 638 3162 Doctus
660 3123 707 3161 et
729 3112 893 3160 Phoebi
918 3113 1090 3159 chorus
1113 3122 1160 3159 et
1183 3111 1351 3160 Dianae

846 3177 1019 3225 Dicere
1043 3178 1219 3226 laudes.

1758 2781 1827 2831 70

1761 3107 1828 3157 75
