1936 3450
226 244 320 309 ἱρῇ
650 230 653 237 ’
712 279 716 282 ·
766 255 1092 306 Q.HORA'1·11
1118 246 1336 301 nacci

283 377 534 440 Desipiant
555 368 719 456 omnes
743 377 880 445 aeque
893 395 959 427 ac
980 386 1050 440 tu,
1073 380 1152 441 qui
1174 378 1259 426 tibi
1281 386 1456 428 nomen
1493 412 1495 414 v
1520 407 1525 414 ’

284 443 462 491 Insano
484 460 699 507 posuere.
758 440 903 493 Velut
926 446 1069 505 silvis,
1094 446 1174 492 ubi
1197 444 1370 507 passim

284 509 508 557 Palantes
532 526 657 558 error
681 520 811 558 certo
835 512 894 558 de
917 511 1102 571 tramite
1125 511 1272 574 pellit,

284 574 373 623 Ille
397 576 730 637 sinistrorsum,
757 578 835 624 hic
860 565 1151 625 dextrorsum
1177 577 1299 634 abit;
1336 593 1459 624 unus
1473 576 1666 640 utrique
1795 580 1864 629 60

284 642 443 701 Error,
468 643 553 689 sed
577 642 716 691 variis
740 643 894 690 illudit
910 642 1151 706 partibus:
1189 644 1281 690 hoc
1302 652 1348 690 te

283 707 440 755 Crede
465 709 604 755 modo
630 703 865 769 insanum,
889 710 1037 757 nihilo
1060 718 1112 756 ut
1132 709 1397 774 sapientior
1409 709 1518 768 ille,

280 774 384 826 Qui
408 783 453 821 te
478 775 673 837 deridet,
684 777 888 822 caudam
905 777 1071 823 trahat.
1131 775 1218 821 Est
1239 790 1399 837 genus
1413 791 1562 823 unum

280 841 518 900 Stultitiae,
544 842 742 887 nihilum
766 834 1021 891 metuenda
1042 841 1277 898 timentis3
1313 851 1365 888 ut
1387 842 1569 903 ignea
1606 858 1627 886 ῳ
1680 863 1691 870 ·
1734 888 1739 890 .

280 906 345 962 Ut
369 924 523 968 rupes,
549 906 839 969 fluviosque
828 915 891 954 ιιι
892 924 1070 974 campo
1091 908 1275 955 obstare
1297 906 1545 969 queratur:
1591 933 1617 941 ι’
1647 914 1667 953 ‚l
1700 948 1703 952 .
1794 909 1861 960 55

281 973 498 1019 Alterum
524 983 570 1020 et
594 973 704 1020 huic
727 973 924 1033 varium,
949 983 1007 1022 et
1019 973 1168 1020 nihilo
1191 972 1465 1036 sapientiu8‚
1488 973 1625 1036 ignes
1675 998 1690 1019 2

281 1038 373 1086 Per
398 1038 581 1086 medios
600 1036 858 1103 fluviosque
882 1040 1076 1092 ruentis.
1134 1039 1320 1102 Clamet
1342 1038 1496 1086 amica
1542 1096 1545 1097 ⁷

281 1103 453 1164 Mater,
479 1106 681 1152 honesta
703 1122 846 1166 soror,
871 1121 981 1153 cum
1004 1099 1233 1168 cognatis,
1257 1112 1403 1175 pater,
1429 1119 1575 1156 uxor:

283 1171 418 1218 ‘Hic
442 1144 564 1218 'fossa
588 1181 657 1218 est
681 1172 880 1235 ingens!
917 1167 997 1219 hic
1020 1185 1169 1234 rupes
1182 1170 1412 1221 maxima!
1445 1187 1610 1219 serva.
1600 1172 1626 1207 Ρ
1686 1231 1693 1237 ῃ
1768 1217 1769 1220 ,

279 1237 392 1285 Νοιι
417 1236 565 1299 magis
590 1239 804 1297 audierit,
828 1255 970 1300 quam
993 1237 1166 1295 Fusius
1189 1238 1346 1285 ebrius
1367 1238 1495 1297 olim,
1768 1270 1771 1276 f
1793 1241 1858 1291 60

278 1304 445 1355 Quum
471 1303 671 1351 Ilionam
695 1305 910 1365 edormit,
936 1292 1148 1361 Catienis
1171 1293 1297 1351 mille
1321 1303 1556 1367 ducentis,
1691 1309 1695 1313 ’

280 1374 292 1395 ‘
314 1369 484 1429 Mater,
504 1382 549 1418 te
574 1359 784 1434 appello,'
811 1370 1137 1417 clamantibus.
1195 1370 1325 1417 Huic
1343 1387 1433 1434 ego
1453 1372 1644 1433 vulgum

280 1435 440 1483 Errori
466 1436 663 1483 similem
689 1446 914 1484 cunctum
940 1436 1146 1485 insanire
1169 1437 1362 1489 docebo.

280 1501 464 1549 Insanit
488 1513 666 1550 veteres
689 1513 865 1550 statuas
889 1502 1203 1566 Damasippus
1226 1503 1440 1551 emendo.

280 1567 473 1631 Integer
497 1579 567 1616 est
591 1569 762 1617 mentis
786 1568 1061 1631 Damasippi
1085 1569 1318 1616 creditor?
1375 1569 1515 1616 Esto:
1785 1571 1852 1620 65

281 1639 292 1659 ‘
320 1635 502 1709 Accipe
521 1637 645 1697 quod
671 1643 910 1698 nunquam
937 1635 1105 1682 reddas
1129 1635 1273 1693 mihiss
1301 1635 1339 1681 si
1363 1635 1447 1682 tibi
1473 1636 1655 1683 dicam·
1644 1672 1656 1693 ‚

279 1700 459 1747 Tune
450 1717 660 1748 insanus
666 1702 757 1748 eris
782 1702 821 1749 si
845 1702 1100 1764 acceperis,
1126 1717 1186 1747 an
1211 1699 1362 1764 magis
1384 1715 1549 1749 excors
1606 1739 1608 1741 -

279 1766 483 1830 Rejecta
506 1769 663 1830 praeda
687 1782 843 1830 quam
851 1783 1057 1831 praesens
1082 1767 1369 1814 Mercurius
1374 1767 1495 1815 fer-tt
1651 1809 1654 1813 .

280 1833 446 1880 Scribe
462 1835 635 1881 decem
660 1851 687 1881 a
703 1834 889 1881 Nerio:
924 1847 1019 1881 non
1043 1843 1115 1880 est
1138 1831 1276 1890 sati83
1315 1832 1435 1880 adde
1459 1826 1686 1881 Cicuta!
1710 1864 1727 1876 „
1925 1882 1936 1895 ἐι

278 1899 456 1946 Nodos'
424 1917 459 1946 1
484 1901 663 1947 tabulas
688 1911 795 1947 cen
784 1917 908 1957 ιιιιι,
945 1900 1072 1946 mille
1098 1900 1217 1946 adde
1242 1909 1460 1947 catenas:
1788 1900 1852 1948 70
1923 1915 1936 1958 j

279 1964 487 2028 Effugiet
510 1976 668 2013 tamen
693 1968 796 2013 haec
820 1967 1074 2013 sceleratus
1098 1966 1284 2012 vincula
1308 1966 1516 2013 Proteus
1929 1963 1936 2018 Ξ

277 2031 443 2082 Quum
470 2034 620 2095 rapies
644 2032 705 2079 in¹
712 2033 789 2095 jus
813 2033 950 2079 malis
973 2033 1214 2079 ridentem·
1229 2032 1409 2091 alienis,
1570 2047 1573 2053 ³
1923 2019 1936 2119 i

277 2096 386 2144 Fiet
411 2115 536 2160 aper,
561 2097 701 2146 modo
725 2100 837 2157 avis,
862 2097 1003 2146 modo
1028 2114 1208 2156 saxum,
1232 2107 1295 2156 et,
1314 2113 1456 2159 quum
1476 2098 1611 2155 volet,
1634 2096 1783 2146 arbor.
1925 2124 1936 2167 ς

279 2164 331 2210 Si
356 2162 479 2211 male
506 2181 603 2211 rem
628 2181 791 2243 gerere
816 2162 968 2211 insani
993 2173 1089 2220 est;
1127 2162 1292 2210 contra
1317 2164 1454 2222 bene,
1479 2163 1610 2211 sani·
1920 2169 1936 2190 ‘²

277 2229 494 2276 Putidius
518 2228 665 2276 multo
691 2230 936 2277 cerebrum
962 2239 1047 2287 est,
1073 2229 1187 2275 mihi
1211 2230 1369 2288 crede,
1394 2228 1570 2289 Perilli,
1785 2230 1849 2278 75

276 2294 521 2342 Dictantis
535 2297 657 2358 quod
681 2306 732 2343 tu
755 2311 996 2358 nunquam
1020 2295 1277 2342 rescribere
1295 2295 1456 2357 possis.
1599 2308 1603 2311 ’
1695 2317 1697 2320 <
1726 2311 1746 2320 ·-
1920 2291 1923 2298 ’

275 2362 474 2419 Audire,
500 2372 636 2424 atque
659 2371 816 2425 togam
836 2362 980 2424 jubeo
1003 2367 1302 2423 componere,
1326 2362 1536 2423 quisquis
1578 2380 1580 2382 ’
1628 2376 1634 2382 ’

275 2428 550 2474 Ambitione
575 2429 802 2475 matasaut
825 2428 1006 2490 argenti
1029 2427 1173 2491 pallet
1188 2443 1369 2487 amore,
1423 2439 1427 2445 ’
1619 2439 1623 2448 ‘

271 2493 503 2554 Quisquis
528 2494 726 2551 luxuria,
750 2494 927 2541 tristive
952 2493 1295 2556 superstitione,

274 2560 375 2605 Aut
398 2559 488 2606 alio
511 2561 682 2606 mentis
706 2561 877 2607 morbo‘
891 2560 1036 2616 calet·
1073 2560 1167 2606 huc
1189 2556 1380 2621 propius
1401 2573 1496 2619 me,
1637 2572 1639 2575 '
1666 2593 1669 2602 <
1782 2558 1847 2606 80
1925 2562 1934 2571 “

271 2623 399 2671 Dum
425 2626 607 2672 doceo
598 2626 803 2672 insanire
821 2641 1002 2684 omnes,
1022 2641 1102 2672 vos
1123 2625 1288 2672 ordine
1313 2624 1452 2687 adite.

272 2689 443 2737 Danda
467 2701 537 2737 est
560 2690 752 2738 ellebori
775 2689 952 2738 multo
949 2707 1055 2754 pars
1078 2691 1281 2736 maxima
1305 2690 1482 2741 avaris:

269 2753 447 2802 Nescio
471 2772 529 2802 an
552 2758 828 2818 Anticyram
843 2755 969 2804 ratio
984 2756 1081 2803 illis
1104 2756 1304 2802 destinet
1325 2768 1529 2819 omnem.

271 2819 500 2867 Haeredes
527 2822 712 2868 Staberi
737 2838 968 2869 summam
992 2820 1204 2868 incidcre
1228 2821 1480 2883 sepulcro·
1538 2880 1540 2882 v
1922 2875 1924 2878 Α

268 2884 335 2933 Ni
361 2886 428 2931 sic
454 2886 690 2946 fecissent,
706 2889 1031 2950 gladiatorum
1049 2888 1160 2933 dare
1184 2895 1376 2933 centum
1580 2914 1582 2917 >
1720 2891 1723 2894 '
1776 2885 1841 2933 85
1895 2891 1921 2950 1ss

268 2949 491 2999 Damnati
516 2953 688 3014 populo
710 2954 854 3014 paria,
880 2962 1017 3014 atque
1040 2944 1228 3014 epulum
1253 2952 1444 2999 arbitrio
1464 2951 1595 3012 Arri,
1894 2955 1899 2966 ‘

270 3015 517 3064 Frumenti
535 3027 761 3079 quantum
781 3020 914 3065 metit
938 3017 1114 3064 Africa.
1177 3018 1286 3064 Sive
1310 3033 1398 3105 ego
1416 3032 1580 3079 prave,

204 3138 206 3140 v
270 3083 366 3129 Seu
390 3081 535 3142 recte,
561 3084 649 3130 hoc
674 3083 812 3142 volui,
836 3099 897 3130 ne
920 3084 984 3130 sis
1005 3084 1197 3146 patruus
1221 3084 1365 3130 mihi?
1434 3082 1610 3130 Credo

269 3148 378 3195 Hoc
404 3148 587 3196 Staberi
610 3149 888 3211 prudentem
913 3149 1133 3198 animum
1146 3148 1368 3196 vidisse.
1391 3149 1432 3196 .''
1458 3153 1487 3173 “
1503 3149 1639 3199 Quid
1660 3162 1774 3213 ergo
1880 3187 1884 3193 .

271 3215 445 3273 Sensit,
469 3231 612 3276 quum
632 3230 867 3262 summam
890 3213 1141 3278 patrimoni
1166 3215 1429 3277 insculpere
1452 3229 1565 3261 saxo
1772 3213 1881 3261 90
1905 3259 1911 3272 ⁴
