1976 3432
730 217 780 263 Q.
811 216 1051 257 HORATII
1079 217 1284 257 FLACCI

449 339 563 389 Non
585 335 838 384 verberatae
862 336 1093 399 grandine
1117 336 1293 398 vineae3

448 403 706 451 Fundusve
729 403 1114 461 mendax,arbore
1138 418 1266 449 nunc
1292 417 1435 465 aquas

512 467 766 532 culpante,
790 484 920 514 nunc
943 468 1167 514 torrentia
1190 483 1327 530 agros

578 534 762 592 Sidera,
785 549 915 580 nuno
937 533 1117 583 hiemes
1139 533 1335 595 iniquas.

447 599 707 648 Contracta
729 599 882 662 pisces
906 615 1091 660 aequora
1113 599 1337 658 sentiunt,

447 666 480 714 J
483 666 600 714 actis
623 666 671 712 in
696 665 842 712 altum
865 665 1063 712 molibus
1084 680 1094 711 :
1130 666 1223 711 huc
1248 665 1467 726 frequens

514 730 760 780 Caementa
783 731 985 779 demittit
1007 731 1272 794 redemptor

579 797 703 844 Cum
729 797 929 855 famulis,
949 797 1259 858 dominusque
1282 795 1424 843 terrae‘

448 863 768 911 Fastidiosus:
806 863 889 909 sed
913 862 1079 909 Timor
1103 871 1149 908 et
1172 861 1319 909 Minae

449 929 697 978 Scandunt
719 926 888 975 eodem
913 926 1005 990 quo
1030 929 1276 985 dominus3
1312 937 1464 990 'neque

514 994 719 1042 Decedit
743 995 884 1041 aerata
908 994 1102 1053 triremi,
1126 1003 1173 1040 et

579 1061 691 1108 Post
708 1061 912 1123 equitem
937 1061 1068 1107 sedet
1092 1069 1189 1106 atra
1213 1059 1353 1106 Cura.

445 1123 597 1178 Qubd
620 1126 660 1173 si
682 1126 918 1173 dolentem
941 1142 1032 1173 nec
1055 1125 1285 1188 Phrygius
1306 1125 1440 1188 lapiS,

447 1192 556 1242 Neo
578 1208 888 1255 purpurarum
911 1193 1063 1243 sidere
1087 1192 1253 1239 clarior

513 1258 705 1306 Delenit
727 1275 856 1317 usus,
880 1274 970 1305 nec
994 1257 1195 1305 Falerna

578 1324 718 1383 Vitis,
744 1325 1163 1376 Achaemeniumve
1187 1332 1397 1379 costum;

447 1389 547 1439 Cur
570 1390 835 1437 invidendis
857 1391 1067 1453 postibus
1090 1398 1137 1437 et
1160 1406 1280 1438 novo

446 1456 663 1505 Sublime
685 1456 776 1503 ritu
800 1456 964 1504 moliar
988 1456 1188 1503 atrium?

513 1521 613 1571 Cur
637 1522 755 1569 valle
777 1531 1038 1585 permutem
1064 1522 1243 1569 Sabina

579 1587 777 1636 Divitias
799 1588 1120 1651 operosiores'!

887 1933 1026 1981 ODE
1060 1931 1127 1980 ΙΙ.

448 2054 734 2101 ANGUSTAM
758 2049 910 2097 amice
933 2048 1205 2112 pauperiem
1227 2047 1324 2111 pati

357 2176 374 2183 ,Α
446 2118 692 2167 Robustus
715 2116 812 2164 acri
835 2116 1002 2163 militia
1025 2131 1141 2178 puer

513 2184 773 2231 Condiscat
794 2199 804 2239 ;
839 2191 887 2229 et
910 2182 1105 2229 Parthos
1129 2181 1308 2228 seroces

578 2250 731 2296 Vexet
753 2264 895 2310 eques
918 2247 1200 2294 metuendus
1224 2244 1385 2293 hasta:

447 2316 698 2378 Vitamque
723 2315 810 2360 sub
833 2314 940 2361 divo
963 2322 1010 2360 et
1032 2313 1226 2374 trepidis
1249 2321 1358 2375 agat

447 2382 506 2429 In
529 2382 682 2429 rebus.
741 2379 882 2426 Illum
905 2396 964 2426 ex
987 2379 1221 2425 moenibus
1246 2377 1438 2425 hosticis

513 2447 734 2494 Matrona
757 2446 971 2493 bellantis
994 2444 1176 2506 tyranni

578 2512 893 2575 Prospiciens,
917 2520 964 2559 et
987 2511 1146 2557 adulta
1169 2510 1313 2572 virgo,

449 2580 688 2642 Suspiret:
726 2577 931 2624 “Eheu!
969 2593 1029 2624 ne
1052 2576 1182 2623 rudis
1205 2576 1446 2638 agminum

449 2646 661 2708 Sponsus
683 2644 887 2690 lacessat
908 2643 1065 2706 regius
1089 2657 1303 2704 asperum

515 2709 674 2757 Tactu
697 2710 899 2768 leonem,
922 2724 1060 2770 quern
1086 2716 1281 2754 cruenta

578 2775 669 2822 Per
692 2776 871 2822 medias
894 2775 1013 2837 rapit
1036 2774 1104 2820 ira
1127 2773 1327 2819 caedeS.’'

448 2841 602 2888 Dulce
626 2851 674 2888 et
697 2842 919 2888 decorum
943 2849 1014 2886 est
1036 2856 1119 2902 pro
1141 2839 1290 2901 patria
1313 2837 1457 2885 mori:

450 2906 581 2954 Mors
605 2915 652 2953 et
676 2907 891 2968 fugacem
916 2905 1207 2967 persequitur
1230 2904 1396 2963 virum,

514 2971 621 3018 Nec
645 2973 793 3034 parcit
817 2971 1017 3017 imbellis
1035 2971 1240 3032 juventae

581 3037 841 3099 Poplitibus
859 3037 1078 3083 timidove
1101 3044 1246 3097 tergo.

449 3103 627 3161 VirtuS,
651 3103 847 3164 repulsae
870 3102 1031 3147 nescia
1054 3101 1268 3161 sordidae,

450 3168 749 3216 Intaminatis
773 3168 918 3230 fulget
942 3167 1222 3214 honoribus:

1758 1056 1824 1106 40

1758 1385 1823 1434 45

1762 2638 1822 2686 lo

1760 2967 1820 3015 15
