1976 3432
782 264 832 310 Q.
863 263 1105 305 HORATII
1133 264 1339 327 FLACCI

432 384 642 432 Pecusve
666 383 880 430 Calabris
904 393 1012 430 ante
1037 384 1165 430 sidus
1185 384 1414 431 fervidum

629 449 826 496 Lucana
848 459 997 497 mutet
1016 466 1192 512 pascua
1211 467 1222 507 3

434 515 540 563 Nec
563 524 616 563 ut
638 516 828 577 superni
852 516 962 562 villa
984 517 1196 562 candens
1214 515 1417 564 Tusculi

629 572 821 628 Circaezs
836 591 998 644 tangat
1021 582 1208 628 moenia.

434 645 560 695 Satis
584 645 816 709 superque
835 663 910 694 me
936 648 1203 710 benignitas
1226 656 1307 695 tua

628 713 828 760 Ditavit:
864 714 989 760 haud
1013 730 1236 776 paravero

432 779 580 830 Quod
604 789 699 838 aut,
721 795 885 826 avarus
911 789 960 833 ut
983 780 1230 839 Chremes,
1254 779 1378 828 terra
1402 794 1631 842 premam,

631 845 905 900 Discinctus
929 854 1010 892 aut
1031 846 1226 908 perdam
1249 854 1302 893 ut
1323 861 1483 909 nepos.

936 1141 1075 1188 ODE
1110 1141 1176 1190 ΙΙ.

404 1247 434 1268 “
451 1243 652 1290 BEATUS
677 1241 754 1288 ille
778 1241 857 1303 qui
880 1241 1042 1303 procul
1067 1242 1285 1304 negotiis,

631 1307 695 1354 Ut.
718 1308 872 1370 prisca
893 1323 1011 1369 gens
1034 1308 1318 1368 mortalium,

435 1375 638 1422 Paterna
660 1390 767 1420 rura
792 1374 942 1420 bobus
965 1378 1152 1420 exercet
1177 1375 1290 1434 suis,

634 1440 824 1486 Solutus
848 1439 977 1486 omni
1003 1439 1190 1486 foenore.

435 1506 602 1568 Neque
626 1506 858 1552 excitatur
883 1505 1080 1551 classico
1104 1506 1238 1552 miles
1261 1506 1400 1567 truci,

631 1571 799 1632 Neque
825 1572 979 1617 horret
1003 1571 1170 1617 iratum
1194 1588 1345 1629 mare3

436 1638 703 1699 Forumque
730 1637 854 1695 vitat,
879 1646 926 1683 et
950 1637 1150 1698 superba
1172 1637 1344 1684 civium

633 1703 954 1749 Potentiorum
978 1702 1155 1749 limina.

436 1770 564 1833 Ergo
587 1778 667 1815 aut
691 1769 746 1814 ad
755 1768 852 1815 ulta
875 1769 1036 1814 vitium
1061 1769 1318 1831 propagine

635 1835 767 1883 Altas
791 1834 976 1880 maritat
999 1835 1218 1896 populos;

436 1901 726 1962 Inutllesque
753 1900 871 1947 falce
896 1916 1047 1946 ramos
1071 1910 1335 1963 amputans,

633 1966 891 2013 Feliciores
914 1965 1077 2012 inserit
1095 1982 1106 2022 ;

437 2034 537 2081 Aut
559 2033 608 2080 in
632 2032 828 2079 reducta
854 2032 970 2078 valle
994 2030 1305 2093 mugientium

633 2097 905 2160 Prospectat
927 2107 1135 2145 errantes
1158 2113 1353 2159 greges3

437 2165 539 2212 Aut
560 2181 721 2229 pressa
743 2164 871 2226 puris
897 2163 1032 2210 mella
1055 2164 1217 2210 condit
1244 2163 1503 2225 amphoris3

633 2231 733 2277 Aut
755 2231 917 2276 tondet
940 2229 1148 2291 infirmas
1170 2245 1305 2286 oves;

436 2296 543 2356 Vel,
578 2311 720 2358 quum
747 2297 971 2342 decorum
994 2295 1188 2342 mitibus
1210 2295 1360 2357 pomis
1383 2303 1525 2357 caput

635 2363 909 2408 Autumnus
934 2361 1052 2407 arvis
1075 2361 1256 2419 extulit,

439 2428 503 2476 Ut
525 2428 700 2491 gaudet
725 2427 911 2474 insitiva
934 2427 1193 2489 decerpens
1215 2443 1343 2489 pyra,

634 2493 907 2540 Certantem
931 2503 978 2539 et
1004 2509 1138 2539 uvam
1161 2509 1394 2555 purpurae,

438 2558 555 2611 Qua
578 2568 848 2606 muneretur
873 2569 935 2617 te,
962 2559 1144 2621 Priape,
1168 2567 1215 2606 et
1237 2568 1300 2617 te,
1322 2561 1467 2621 pater'

638 2626 842 2683 Silvano,
866 2634 990 2671 tutor
1014 2625 1205 2671 finium!
1464 2665 1466 2667 .

441 2691 577 2738 Libet
590 2691 748 2753 jacere
775 2689 914 2738 modo
939 2691 1027 2737 sub
1050 2688 1240 2751 antiqua
1264 2689 1387 2749 ilice,
1454 2714 1461 2720 ·

638 2755 785 2805 Modo
811 2758 858 2804 in
883 2757 1038 2803 tenaci
1062 2756 1288 2817 gramine.

442 2822 687 2868 Labuntur
713 2823 816 2868 altis
840 2823 1025 2869 interim
1050 2822 1161 2883 ripis
1185 2837 1314 2882 aquae
1329 2837 1342 2878 3

636 2887 917 2937 Queruntur
936 2888 982 2934 in
1009 2887 1134 2934 silvis
1157 2902 1290 2943 aves;

443 2951 709 3013 Fontesque
736 2953 937 3014 lymphis
959 2953 1232 3014 obstrepunt
1257 2952 1571 3012 manantibus,

640 3020 840 3064 Somnos
863 3019 985 3078 quod
1011 3018 1173 3064 invitet
1195 3017 1332 3064 leves,

445 3084 526 3143 At,
552 3099 694 3145 quum
714 3084 920 3130 tonantis
945 3099 1096 3130 annus
1121 3083 1344 3129 hibernus
1367 3083 1497 3130 Jovis

640 3149 821 3195 Imbres
845 3149 1066 3210 nivesque
1091 3158 1344 3209 comparat,

446 3215 546 3277 Aut
570 3216 710 3262 trudit
737 3231 868 3262 acres
893 3215 1003 3262 hinc
1027 3224 1073 3261 et
1098 3215 1209 3261 hinc
1233 3215 1379 3262 multa
1402 3230 1520 3262 cane

1838 18 1869 57 tr
1883 49 1885 51 ,

1846 1507 1880 1556 <a

1820 1835 1880 1885 10

1819 2165 1880 2213 15

1814 3147 1880 3196 3ο

1907 0 1976 67 ,ἦν
