1936 3450
192 260 288 309 116
561 245 564 249 ’
730 258 781 304 Q.
811 257 1053 298 HORATH
1081 240 1291 302 FLAccl.

255 378 359 429 Qui
382 394 459 425 me
482 375 746 438 commorit,
785 381 814 402 “
831 374 1008 424 Melius
1030 393 1127 424 non
1151 386 1344 440 tangere
1360 377 1403 424 l'’
1441 376 1610 439 clamo,

257 443 429 503 Flebit,
453 453 500 491 et
523 444 719 506 insignis
742 444 839 490 tota
862 444 1126 490 cantabitur
1144 443 1273 490 urbe.

261 511 451 557 Servius
475 511 619 556 iratus
643 510 772 572 leges
795 510 1036 556 minitatur
1059 518 1106 556 et
1129 524 1324 556 urnam:

258 576 461 623 Canidia
485 574 667 635 Albuti,
691 576 859 637 quibus
881 585 953 623 est
976 575 1183 633 inimica,
1207 590 1467 622 venenum:

258 642 452 689 Grande
475 642 651 688 malum
675 641 871 701 Turius,
896 642 934 688 si
958 641 1062 703 quis
1085 657 1135 687 se
1154 640 1316 702 judice
1341 649 1501 688 certet.

259 708 340 768 Ut,
363 725 454 770 quo
477 709 672 770 quisque
695 708 832 767 valet,
857 716 1099 770 suspectos
1121 716 1307 766 terreat,
1331 715 1475 768 utque

260 773 468 837 Imperet
492 776 580 821 hoc
604 783 771 822 natura
793 783 976 836 potens,
1001 773 1070 820 sic
1094 773 1265 834 collige>
1286 788 1502 819 mecum:

261 839 418 888 Dente
442 841 596 902 lupus,
621 855 769 886 cornu
792 849 953 886 taurus
975 839 1092 901 petit
1111 855 1122 896 3
1153 839 1304 898 unde,
1329 838 1420 885 nisi
1443 838 1570 886 intus

261 905 610 953 Monstratum‘l
670 906 845 951 Scaevae
869 906 1078 951 vivacem
1102 905 1242 951 crede
1265 904 1421 966 nepoti

261 971 465 1019 Matrem
487 989 515 1018 :⁸
532 972 599 1019 nil
625 972 765 1018 faciet
789 971 979 1017 sceleris
1001 971 1079 1032 pia
1102 970 1320 1017 dextera:
1355 970 1553 1018 mirum!

1763 377 1829 426 45

1765 707 1831 754 50

259 1038 325 1085 Ut
349 1054 501 1099 neque
526 1039 657 1084 calce
682 1038 820 1099 lupus
843 1053 1125 1099 quenquam,
1150 1052 1309 1097 neque*
1328 1037 1470 1083 dente
1492 1035 1609 1098 petit
1632 1035 1742 1083 bos:
1770 1036 1835 1082 55

264 1105 359 1152 Sed
384 1105 508 1150 mala
530 1105 660 1151 tollet
684 1119 826 1149 anum
851 1103 1010 1150 vitiato
1033 1102 1169 1148 melle
1189 1103 1358 1148 cicuta.

260 1170 338 1218 Ne
361 1171 554 1232 longum
580 1170 775 1226 faciam;
812 1186 895 1215 seu
921 1185 996 1215 me
1020 1167 1267 1230 tranquilla
1291 1177 1510 1214 senectus

260 1236 532 1299 Exspectat,
559 1252 642 1283 seu
662 1252 784 1283 mors
807 1236 919 1282 atris
942 1234 1247 1281 circumvolat
1271 1234 1355 1280 alis
1374 1250 1385 1290 3

260 1302 422 1362 Dives,
448 1303 608 1365 inops3
646 1302 832 1360 Romae,
857 1317 940 1347 seu
965 1301 1056 1347 fors
1081 1301 1144 1346 ita
1162 1300 1369 1362 jusserit,
1389 1299 1551 1357 exsul3

258 1369 491 1431 Quisquis
514 1370 603 1416 erit
625 1369 748 1427 vitae,
774 1368 993 1426 scribam,
1019 1366 1158 1413 color.

882 1490 1147 1517 TREBATIUS.

1179 1562 1226 1609 O
1248 1578 1381 1625 puer,
1405 1570 1458 1609 ut
1471 1562 1543 1609 sis

259 1631 430 1695 Vitalis
448 1640 622 1691 metuo,
648 1640 695 1678 et
717 1630 948 1694 majorum
972 1646 1034 1676 ne
1057 1627 1160 1692 quis
1185 1629 1365 1675 amicus

260 1697 457 1767 Frigore
479 1707 526 1745 te
551 1698 698 1744 feriat.

890 1803 1133 1831 HORA'rxuS.

859 1878 1031 1932 Quid?
1065 1892 1209 1938 quum
1232 1885 1303 1923 est
1328 1875 1541 1923 Lucilius
1563 1892 1707 1923 ausus

259 1945 481 1993 Primus
470 1961 517 1992 m
543 1946 672 1992 hunc
695 1944 848 2007 operis
872 1959 1154 2006 componere
1179 1942 1389 1989 carmina
1412 1958 1606 2002 morem,

260 2010 520 2059 Detrahere
544 2021 591 2058 et
614 2011 799 2074 pellem,
824 2010 1002 2057 nitidus
1024 2024 1116 2077 qua
1140 2009 1333 2070 quisque
1358 2025 1440 2070 per
1462 2025 1544 2055 ora

259 2079 480 2137 Cederet‚
507 2079 755 2125 introrsum
781 2077 958 2150 turpis3
994 2090 1108 2122 num
1134 2074 1323 2132 Laelius,
1347 2085 1395 2121 et
1417 2074 1497 2136 qui

261 2145 410 2192 Duxit
434 2145 492 2190 ab
515 2159 737 2206 oppressa
760 2142 980 2188 meritum
1007 2140 1294 2201 Carthagine
1320 2156 1509 2199 nomen,

260 2210 464 2273 Ingenio
486 2209 669 2267 offensi,
695 2216 775 2255 aut
797 2208 908 2257 laeso
931 2205 1125 2254 doluere
1151 2205 1360 2263 Metello,

260 2275 567 2337 Famosisque
592 2275 726 2337 Lupo
749 2283 967 2335 cooperto
992 2272 1232 2319 versibus?
1290 2271 1436 2333 Atqui

260 2343 495 2390 Primores
517 2341 676 2404 populi
702 2341 896 2402 arripuit
916 2339 1233 2414 populumque
1257 2337 1483 2396 tributim,

220 2430 243 2453 ι
262 2409 457 2456 Scilicet
480 2407 562 2454 uni
588 2423 748 2468 aequus
772 2406 927 2452 virtuti
951 2416 1090 2483 atque
1114 2404 1215 2465 ejus
1241 2403 1418 2449 amicis.

258 2475 412 2533 Quin,
435 2475 512 2520 ubi
538 2490 586 2519 se
612 2489 638 2519 a
664 2472 800 2534 vulgo
823 2480 870 2518 et
893 2486 1038 2518 scena
1062 2471 1110 2516 in
1135 2479 1316 2516 secreta
1339 2467 1579 2515 remorant-

261 2541 425 2588 Virtus
450 2540 683 2601 Scipiadae
707 2548 754 2585 et
778 2538 904 2584 mitis
928 2537 1157 2599 sapientia
1180 2534 1315 2594 Laeli,

260 2605 309 2652 N
315 2622 447 2668 utrari
471 2621 579 2652 cum
606 2605 700 2662 illo,
725 2614 772 2651 et
796 2603 1016 2650 discincti
1040 2603 1219 2660 ludere,
1244 2573 1396 2647 doiiec

260 2671 613 2733 Decoqueretur
636 2643 756 2728 oliis,
781 2669 917 2716 soliti.
973 2640 1223 2729 Quidquid
1247 2682 1350 2712 sum
1370 2681 1475 2727 ego,
1493 2663 1705 2727 quamvis

260 2736 392 2783 Infra
416 2735 572 2783 Lucili
599 2751 794 2783 censum
816 2734 1166 2809 ingeniumque,
1185 2742 1343 2779 tamen
1367 2747 1442 2778 mc

261 2802 387 2849 Cum
412 2803 598 2864 magnis
624 2802 792 2849 vixisse
816 2801 961 2847 invita
987 2799 1204 2846 fatebitur
1228 2812 1375 2858 usque

261 2867 463 2925 Invidia,
487 2877 550 2926 et,
578 2868 728 2929 fragili
752 2883 967 2941 quaerens
991 2865 1171 2912 illidere
1195 2864 1404 2920 dentem,

260 2934 486 2982 Offendet
509 2934 686 2980 solido:
722 2933 814 2979 nisi
837 2932 949 2993 quid
974 2940 1040 2991 tu,
1065 2931 1202 2978 docte
1226 2926 1439 2987 Trebati,

262 2999 511 3048 Dissentis.

881 3069 1108 3097 TREBATIU
1115 3069 1147 3097 S.

654 3143 884 3205 Equidem
909 3141 1026 3189 nihil
1050 3140 1130 3188 hic
1154 3140 1399 3187 diffindere
1421 3155 1624 3202 possum.

266 3212 363 3260 Sed
386 3220 560 3271 tamen,
585 3219 637 3257 ut
659 3210 866 3257 monitus
889 3223 1072 3266 caveas,
1096 3223 1156 3254 ne
1182 3204 1299 3254 sorte
1324 3204 1485 3268 negoti

1771 2726 1907 2776 75·

1909 3183 1931 3206 ιζ

1767 3202 1833 3251 so

1907 3239 1921 3265 ’ἱ

1906 3267 1920 3278 ¹<
