1936 3450
583 269 924 311 SATIRARUM
947 269 1064 309 Lm.
1093 269 1154 309 H.
1182 270 1223 309 a.
1639 271 1734 319 125

159 388 372 438 Extimui
393 404 456 436 ne
480 405 560 437 vos
582 399 742 453 ageret
765 389 955 440 vesania
979 390 1186 447 discors;
1622 423 1624 427 ,

155 454 236 502 Tu
259 453 635 515 Nomentanum,
659 466 715 504 tu
734 473 798 507 ne.
818 458 1064 518 sequerere
1089 455 1322 506 Cicutam.
1640 456 1734 503 175

151 521 334 580 Quare,
354 537 437 583 per
460 521 592 568 divos
614 531 774 578 oratus
797 531 991 583 uterque
1011 522 1231 581 Penates,

147 585 234 635 ‘Tu
258 602 373 634 cave
398 603 461 634 ne
483 588 688 647 minuas,
711 598 762 635 tu
782 604 843 635 ne
866 587 1018 649 majus
1037 587 1182 649 facias
1196 588 1266 635 id-

152 651 301 703 Quod
327 653 441 703 satis
462 670 567 701 esse
590 663 722 716 putat
748 664 891 716 pater,
915 663 968 703 et
987 664 1156 712 natura
1179 657 1385 702 coercet.

150 717 400 778 Praeterea,
425 735 489 766 ne
507 737 591 767 -vos
613 721 769 768 titillet
786 721 949 782 gloria,
962 720 1092 782 'jure-
1143 760 1147 761 γ

145 784 348 847 jurando
369 786 656 848 obstringam
678 787 845 836 ambo:
876 796 984 834 ,uter
1007 786 1160 837 aedilis
1176 786 1374 838 fueritve
1495 815 1511 838 -,
1642 785 1736 832 180

155 850 378 898 Vestrum
401 862 585 914 praetor,
612 853 651 899 is
674 852 953 900 intestabilis
975 862 1023 901 et
1046 869 1179 904 sacer
1201 862 1314 900 esto.
1339 864 1345 875 ‘

154 915 214 964 In
239 918 396 964 cicere
421 928 558 980 atque
586 919 694 966 faba
716 920 844 966 bona
866 928 917 966 tu
941 920 1200 981 perdasque
1222 917 1415 980 lupini,
1377 935 1397 964 s

155 982 304 1030 Latus
328 993 380 1033 ut
402 984 451 1030 in
473 985 622 1032 Circo
644 986 860 1050 spatiere,
885 994 965 1044 aut
989 1002 1149 1032 aeneus
1173 994 1224 1035 ut
1247 995 1356 1043 stes,

153 1048 329 1096 Nudus
353 1049 492 1112 agris,
513 1052 669 1098 nudus
688 1052 910 1111 nummis,
934 1052 1115 1109 insane,
1139 1052 1383 1113 paternis?

158 1115 352 1163 Scilicet
375 1126 426 1163 ut
447 1117 637 1179 plausus
660 1134 775 1180 quos
801 1118 888 1164 fert
898 1091 1123 1179 Agrippa
1148 1118 1270 1164 seras
1291 1127 1358 1176 tu,
1444 1172 1453 1181 ,
1591 1178 1594 1180 Β
1645 1116 1737 1164 185

153 1182 325 1229 Astuta
348 1181 793 1245 inge-nuum'vulpes
817 1184 997 1238 imitata
1019 1184 1251 1231 leonem?
1590 1240 1592 1244 ,

153 1252 166 1273 ‘
193 1246 271 1295 Ne
293 1249 397 1310 quis
421 1247 642 1297 humasse
667 1251 776 1297 velit
800 1250 1016 1312 Ajacem,
1041 1251 1226 1308 Atrida,
1252 1258 1386 1296 vetas
1403 1265 1487 1295 cur
1504 1250 1534 1296 ’.Ρ

154 1318 166 1339 ‘
187 1314 303 1362 Rex·
320 1317 454 1362 sum.'
525 1315 638 1364 ‘Nil
662 1315 783 1364 ultra
801 1331 965 1378 quaero
987 1316 1228 1378 plebeius!
1280 1315 1393 1362 «“Et
1417 1331 1598 1378 requam

153 1380 281 1428 Rem
301 1381 544 1444 imperito:
581 1393 642 1440 at,
667 1383 705 1429 si
731 1382 808 1429 cui
833 1382 991 1435 videor
1015 1399 1110 1430 non
1129 1383 1299 1445 justus,
1325 1382 1474 1429 inulto

154 1446 327 1495 Dicere
350 1449 474 1510 quod
498 1449 641 1495 sentit
662 1449 909 1511 permitto!
981 1452 993 1472 ‘
1012 1448 1223 1506 Maxime
1241 1464 1424 1510 regum,
1563 1499 1567 1502 λ
1643 1448 1738 1495 190

153 1512 218 1560 Di
240 1513 325 1560 tibi
348 1515 461 1562 dent
479 1515 618 1576 capta
641 1515 838 1563 classem
863 1515 1091 1562 reducere
1114 1514 1289 1577 Troja!

154 1579 283 1642 Ergo
310 1581 573 1645 consulere,
598 1590 646 1628 et
668 1597 778 1629 mox
799 1582 1099 1643 respondere
1096 1581 1319 1630 licebitl'

156 1649 168 1670 ⁸
186 1645 423 1693 Consule.'
484 1620 615 1693 ‘Ciu
640 1647 780 1708 Ajax,
800 1649 936 1694 heros
959 1648 1019 1695 ab
1039 1647 1228 1694 Achille
1247 1648 1502 1709 secundus,

155 1711 406 1771 Putrescit,
429 1710 567 1759 toties
590 1713 781 1760 servatis
804 1713 958 1761 clarus
984 1714 1209 1761 Achivis?

153 1778 375 1833 Gaudeat
392 1787 444 1825 ut
467 1778 667 1852 populus
688 1770 861 1826 Priami
886 1779 1189 1857 Priamusque
1213 1766 1474 1836 inhumato,
1570 1808 1572 1813 ι
1644 1780 1737 1826 195

155 1844 246 1891 Per
268 1860 411 1919 quern
432 1854 496 1891 tot
517 1844 714 1906 juvenes
736 1845 886 1907 patrio
907 1860 1106 1892 caruere
1129 1845 1374 1907 sepulcro.
1360 1846 1395 1881 Ψ

155 1914 168 1935 ‘
186 1909 320 1957 Mille
341 1910 496 1958 ovium
521 1910 713 1957 insanus
736 1912 873 1958 morti
897 1911 1045 1969 dedit,
1069 1910 1547 1973 inclytumUlyssem

160 1976 221 2023 Et
247 1975 522 2029 Menelaiim
546 1977 642 2023 una
667 1993 852 2024 mecum
872 1981 927 2024 'se
952 1978 1170 2025 occidere
1195 1978 1434 2025 clamans.'

156 2047 167 2067 ‘
186 2041 266 2089 Tu
288 2058 433 2104 quum
456 2059 539 2104 pro
557 2043 701 2090 vitula
724 2043 888 2090 statuis
911 2043 1099 2091 dulcem
1124 2044 1300 2098 Aulide
1324 2053 1481 2090 natam

155 2109 284 2156 Ante
307 2124 427 2167 ara8‚
443 2109 715 2171 spargisque
739 2109 874 2164 mola-¹
887 2119 1045 2172 caput,
1066 2110 1292 2172 improbe,
1317 2109 1458 2165 salsa,
1634 2109 1736 2156 200

153 2173 361 2222 Rectum
386 2175 530 2222 animi
554 2191 708 2223 servas
721 2177 754 2222 ‘3'
815 2175 1116 2227 ‘Quorsum
1100 2177 1135 2208 '¹'
1194 2180 1205 2202 ‘
1224 2175 1428 2223 Insanus
1452 2175 1562 2238 quid
1587 2176 1716 2223 enim

285 2241 349 2304 Aj
353 2257 412 2288 ax

156 2305 309 2363 Fecit,
327 2322 478 2368 quum
503 2307 663 2354 stravit
688 2307 808 2355 ferro
826 2282 1002 2369 pecus.
987 2308 1006 2343 7
1041 2307 1266 2359 abstinuit
1290 2288 1382 2355 vim

155 2371 313 2419 Uxore
335 2382 383 2419 et
405 2383 564 2435 gnato,
585 2373 707 2420 mala
729 2373 877 2420 multa
898 2383 1117 2435 precatus
1142 2374 1336 2421 Atridis.

154 2437 267 2485 Non
292 2437 367 2485 ille
392 2447 471 2485 aut
494 2437 741 2486 Teucrum
763 2449 846 2486 aut
862 2438 1020 2501 ipsum
1045 2437 1228 2487 violavit
1252 2439 1496 2501 Ulyssem?

156 2507 168 2529 ‘
190 2501 378 2551 Verum
393 2520 497 2566 eg0‚
524 2514 573 2551 ut
598 2505 830 2557 haerentes
852 2505 1047 2552 adverso
1070 2505 1224 2552 littore
1247 2520 1392 2552 naves
1632 2506 1733 2552 205

156 2568 418 2632 Eriperem,
422 2543 649 2632 ”prudens
671 2570 850 2660 placavi
874 2571 1104 2631 sanguine
1127 2571 1286 2618 divos!

155 2634 380 2713 ‘Nempe
406 2648 504 2695 tuo,
530 2636 732 2683 furiose!
793 2635 950 2693 ‘Me0‚
975 2637 1058 2683 sed
1082 2652 1177 2684 non
1203 2631 1432 2684 furiosus!

155 2698 293 2752 ‘Qui
315 2703 495 2763 species
518 2701 635 2749 alias
659 2701 779 2751 veris
802 2702 1084 2763 scelerisque
1107 2702 1314 2751 tumultu

156 2766 419 2814 Permixtas
441 2768 611 2830 capiet,
635 2778 897 2815 commotus
922 2768 1194 2826 habebitur3
1230 2778 1384 2831 atque,
1428 2815 1430 2820 ,

157 2832 433 2880 stultitiane
455 2843 595 2893 erret,
615 2833 813 2885 nihilum
838 2833 1045 2892 distabit,
1069 2850 1131 2882 an
1154 2833 1240 2881 ira.
1325 2842 1331 2851 ’
1630 2835 1732 2882 5210

154 2897 295 2960 Ajax,
319 2914 461 2959 quum
486 2898 743 2947 immeritos
763 2898 956 2958 occidit,
979 2899 1165 2962 desipit>
1190 2902 1374 2963 agnos?

153 2963 321 3014 Quum
343 2964 548 3026 prudens
569 2965 724 3013 scelus
745 2965 806 3013 ob
828 2964 986 3013 titulos
1009 2965 1246 3015 admittis'
1235 2982 1417 3024 manes,

156 3029 264 3076 Stas
286 3028 473 3077 animo'l
506 3039 554 3077 et
574 3046 743 3092 purum
763 3040 833 3082 est
851 3031 964 3079 vitio
979 3031 1064 3079 tibi
1070 3047 1242 3096 ,quum
1260 3033 1489 3080 tumidum
1511 3048 1559 3078 cs
1565 3041 1596 3090 t,
1616 3046 1693 3078 coi·
1710 3033 1730 3077 Τ

156 3094 209 3141 Si
231 3094 336 3156 quis
356 3094 528 3142 lectica
550 3095 748 3143 nitidam
771 3106 957 3159 gestare
975 3107 1105 3145 amet
1127 3113 1314 3160 agnam,
1416 3115 1418 3118 ’

154 3158 285 3206 Huic
309 3168 501 3219 vestem,
525 3169 577 3208 ut
597 3171 770 3222 gnatae,
792 3171 942 3224 paret,
965 3163 1160 3211 ancillas
1182 3173 1328 3237 paret,
1354 3178 1544 3219 aun-uun
1628 3163 1728 3209 215

159 3223 337 3272 Rusam
361 3234 442 3272 aut
465 3224 933 3337 Rufillfin‘appellet,
918 3228 1151 3296 ,sortique
1174 3228 1341 3275 marito
