1936 3450
10 256 42 310 ⁴..

540 256 880 298 SATIRARUM
910 256 1019 296 LIB.
1050 257 1109 297 11.
1136 258 1174 296 6.
1587 259 1693 308 135¹

73 363 75 365 ¹
110 377 366 442 Ingenium
385 393 397 435 ;
432 367 575 439 utque
598 377 736 437 soles,
759 385 917 425 custos
940 371 1059 423 mihi
1080 376 1314 436 maximus
1337 374 1477 425 adsis.
1492 382 1502 438 ’Ζ
1617 378 1684 425 15

110 443 250 507 Ergo,
274 444 355 491 ubi
375 459 454 495 me
478 442 538 490 in'
552 452 736 490 montes
760 444 807 490 et
829 443 878 490 in
898 458 1055 489 arcem
1079 458 1139 490 ex
1162 442 1278 489 urbe
1301 442 1492 503 removi,

105 510 241 561 Quid
264 506 394 572 prius
418 509 647 556 illustrem
671 509 838 568 satiris,
863 507 1098 569 Musaque
1121 508 1360 571 pedestri?

106 574 214 634 Nec
237 576 361 622 mala
383 591 459 622 me
483 575 675 622 ambitio
697 574 866 637 perdit,
889 571 981 620 ne'c
1004 574 1253 637 plumbeus
1276 576 1469 635 Auster,

107 643 474 703 Autumnusque
497 641 668 703 gravis,
692 641 912 688 Libitinae
935 649 1142 702 quaestus
1163 641 1357 687 acerbae.

171 707 407 769 Matutine
432 717 581 770 pater,
605 722 689 754 seu
713 706 743 752 J
747 723 835 754 ane
858 703 1260 766 libentius‘audis‚
1613 707 1678 754 20

103 771 249 822 Unde
275 771 489 820 homines
511 788 706 835 operum
727 773 904 835 primos
927 772 1126 833 vitaeque
1150 772 1333 819 labores

106 838 384 898 Instituunt,
408 839 478 886 sic
502 838 576 885 dis
598 837 839 901 placitum,
863 846 914 884 tu
937 837 1161 884 carminis
1183 847 1284 886 esto

105 905 411 968 Principium.
482 904 650 951 Romae
674 920 943 966 sponsorem
966 919 1042 950 me
1066 904 1202 966 rapis.
1273 908 1303 929 “
1324 904 1441 952 Eia!

104 970 183 1018 Ne
205 972 331 1034 prior
353 971 508 1018 officio
531 970 776 1032 quisquam
799 970 1095 1032 respondeat,
1120 971 1282 1033 urge.”

105 1038 215 1084 Sive
238 1037 411 1099 Aquilo
435 1037 555 1083 radit
579 1045 739 1095 terras,
763 1029 847 1082 seu
871 1036 1037 1083 bruma
1059 1035 1263 1083 nivalem
1613 1036 1679 1084 25

105 1101 334 1150 Interiore
359 1103 484 1149 diem
507 1118 621 1165 gyro
644 1102 801 1161 trahit,
826 1102 893 1148 ire
916 1117 1112 1148 necesse
1135 1111 1219 1149 est.

104 1169 372 1228 Postmodo,
395 1169 518 1231 quod
542 1167 607 1214 mi
631 1168 767 1226 obsit,
794 1165 921 1214 clare
951 1166 1227 1230 certumque
1250 1168 1425 1228 locuto,

104 1235 407 1296 Luctandurn
427 1234 477 1281 in
501 1235 664 1292 turba;
704 1233 919 1281 facienda
943 1233 1114 1296 injuria
1136 1235 1293 1289 tardis.

104 1306 134 1326 “
149 1301 282 1352 Quid
307 1301 392 1360 vis,
415 1300 618 1347 insane‘!
654 1313 702 1347 et
723 1316 838 1361 quas
862 1316 935 1346 res
959 1300 1059 1362 agis
1072 1300 1121 1346 ‘l'’
1160 1300 1399 1363 improbus
1423 1309 1558 1363 urget
1628 1307 1629 1311 ’

100 1367 241 1425 ,Iratis
259 1367 504 1429 precibus;
542 1370 571 1391 “
588 1377 637 1413 tu
662 1366 819 1428 pulses
841 1381 982 1412 omne
1005 1367 1128 1427 quod
1150 1367 1318 1425 obstat,
1614 1367 1679 1414 30

105 1434 184 1481 Ad
210 1432 524 1479 Maecenatem
548 1432 742 1479 memori
767 1432 805 1478 si
829 1441 988 1478 mente
1012 1434 1272 1479 recurras.'’

106 1499 214 1546 Hoc
233 1500 362 1562 juvat
385 1507 432 1545 et
455 1498 581 1545 melli
605 1507 693 1557 est,
718 1514 812 1544 non
837 1499 1060 1544 mentiar.‘
1120 1499 1202 1557 At,
1228 1498 1365 1545 simul
1390 1507 1514 1546 atras

105 1565 312 1612 Ventum
336 1574 407 1611 est
431 1564 681 1625 Esquilias,
705 1564 858 1610 aliena
881 1564 1070 1627 negotia
1092 1574 1284 1611 centum

105 1630 194 1678 Per
219 1640 360 1692 caput
382 1639 429 1677 et
452 1631 579 1676 circa
601 1630 776 1676 saliunt
798 1630 932 1676 latus.
1004 1634 1032 1654 “
1048 1630 1178 1677 Ante
1202 1631 1462 1677 sec-undam

104 1697 313 1743 Roscius
337 1697 498 1743 orabat
521 1696 609 1742 sibi
634 1696 823 1742 adesses
846 1695 905 1741 ad
930 1694 1094 1741 Puteal
1120 1697 1268 1742 cras.”
1613 1696 1678 1744 35

107 1766 136 1787 “
155 1762 227 1808 De
251 1779 301 1809 re
325 1762 564 1810 communi
589 1761 753 1808 scribae
779 1759 950 1828 magna
976 1770 1113 1822 atque
1138 1762 1259 1809 nova
1283 1771 1330 1809 te

103 1827 316 1875 Orabant
339 1828 477 1875 hodie
501 1827 811 1886 meminisseS‚
833 1826 1037 1886 Quinte,
1062 1827 1274 1874 reverti.''

27 1943 30 1949 ,
105 1898 134 1919 “
162 1893 404 1956 Imprimat
427 1894 515 1952 his,
540 1909 668 1951 cura,
694 1892 935 1939 Maecenas
958 1892 1094 1955 signa
1116 1893 1346 1940 tabelliS.''

104 1959 307 2019 Dixeris,
352 1964 380 1984 “
402 1958 658 2022 Experiar’'
680 1975 697 2005 :-
729 1962 758 1983 “
786 1959 838 2005 Si
862 1959 945 2018 viS,
963 1960 1141 2021 potes‚”
1169 1960 1298 2006 addit
1321 1969 1368 2006 et
1390 1959 1544 2008 instat.

105 2017 343 2087 Septimus
365 2035 529 2072 octavo
549 2025 736 2088 propior
755 2025 852 2087 jam
877 2024 1047 2087 fugerit
1070 2041 1237 2089 annus,
1612 2025 1678 2074 40

102 2091 178 2138 Ex
199 2108 290 2154 quo
319 2091 556 2138 Maecenas
579 2106 655 2145 me
679 2091 821 2154 coepit
843 2091 1016 2137 habere
1042 2107 1233 2139 suorum

104 2155 163 2204 In
187 2173 399 2216 numero,
423 2158 650 2204 duntaxat
674 2158 732 2203 ad
757 2157 862 2216 hoc,
886 2172 1025 2219 quem
1048 2157 1211 2204 tollere
1234 2158 1383 2204 rheda

103 2223 276 2282 Vellet,
302 2224 386 2270 iter
411 2223 604 2281 faciens,
628 2232 675 2270 et
696 2223 777 2270 cui
801 2223 1086 2271 concredere
1110 2239 1263 2286 nugas

105 2288 214 2335 Hoc
231 2305 381 2350 genus
403 2306 412 2334 ε
449 2293 477 2313 “
501 2288 632 2335 Hora
648 2298 790 2351 quota
806 2290 909 2336 est?
944 2288 1110 2336 Thrax
1127 2300 1199 2337 est
1216 2289 1404 2337 Gallina
1429 2290 1546 2352 Syro
1564 2291 1676 2353 par?

104 2353 340 2402 Matutino,
362 2370 526 2416 parum
547 2364 709 2402 cautos
728 2355 825 2416 jam
850 2355 1020 2417 frigora
1043 2356 1259 2404 mordent
1276 2357 1316 2402 :'’
1610 2355 1678 2404 45

105 2419 167 2467 Et
189 2436 291 2481 quae
315 2420 487 2467 rimosa
511 2420 632 2467 bene
655 2422 954 2482 deponuntur
978 2420 1028 2468 in
1052 2437 1177 2468 aure.

104 2485 193 2532 Per
218 2496 364 2533 totum
389 2487 478 2533 hoc
501 2495 685 2547 tempus
709 2486 958 2548 subjectior
981 2486 1030 2533 in
1055 2487 1180 2533 diem
1204 2496 1252 2534 et
1275 2487 1435 2534 horam

105 2550 314 2599 Invidiae.
384 2556 413 2576 “
432 2550 606 2598 Noster
629 2551 763 2598 ludos
786 2560 1076 2613 spectaverat
1093 2552 1217 2610 un53

104 2616 302 2664 Luserat
326 2618 373 2664 in
409 2633 598 2679 camp03
635 2615 855 2664 Fortunae
879 2616 1001 2664 filius
1017 2618 1060 2673 ;’'
1095 2633 1274 2666 omnes.

105 2682 325 2745 Frigidus
349 2700 377 2729 a
400 2683 587 2730 Rostris
606 2691 764 2729 manat
780 2699 862 2746 per
887 2683 1090 2745 compita
1108 2699 1266 2731 rumor
1287 2700 1297 2731 ε
1608 2685 1675 2732 50

103 2746 390 2810 Quicunque
413 2749 576 2795 obvius
600 2758 671 2795 est
695 2764 769 2795 me
793 2748 1023 2796 consulit:
1060 2753 1089 2773 “
1106 2748 1152 2795 O
1176 2749 1315 2809 bone,
1340 2766 1450 2798 nam
1474 2759 1520 2798 te

107 2814 256 2871 Scire,
282 2814 393 2861 deos
415 2814 635 2876 quoniam
659 2812 850 2877 propius
873 2814 1124 2877 contingis,
1147 2825 1356 2878 oportet:

105 2877 237 2924 Num
260 2877 371 2939 quid
394 2880 453 2926 de
478 2879 622 2927 Dacis
645 2880 817 2939 audisti
831 2880 880 2926 'l’'
924 2884 952 2905 “
980 2879 1062 2927 Nil
1086 2882 1349 2942 equidem.''
1386 2886 1414 2907 “
1437 2881 1500 2929 Ut
1522 2890 1575 2928 tu

108 2943 305 3005 Semper
327 2944 419 2990 eris
442 2945 616 2992 derisor
633 2945 675 2992 !''
723 2949 753 2969 “
780 2947 846 2992 At
867 2961 1031 2993 omnes
1054 2944 1103 2992 di
1126 2947 1371 3010 exagitent
1394 2963 1486 3007 me,

107 3008 159 3054 Si
183 3009 479 3070 quidquam.”
549 3010 758 3061 “Quid?
793 3010 1018 3058 militibus
1040 3013 1267 3074 promissa
1289 3012 1542 3074 Triquetra
1608 3013 1671 3058 55

106 3072 288 3120 Praedia
310 3073 486 3134 Caesar,
510 3090 571 3122 an
592 3086 664 3123 est
686 3075 806 3123 Itala
829 3077 993 3124 tellure
1017 3078 1210 3125 daturus
1224 3079 1276 3125 ‘l'’

106 3137 136 3183 J
141 3148 352 3186 urantem
376 3155 451 3186 me
475 3140 594 3187 scire
618 3141 734 3188 nihil
758 3142 1000 3202 mirantur,
1024 3153 1076 3190 ut
1099 3158 1247 3190 unum

108 3203 301 3252 Scilicet
317 3204 493 3267 egregii
519 3206 759 3254 mortalem
782 3207 954 3269 altique
976 3207 1147 3255 silenti
