1976 3432
728 239 778 285 Q.
809 239 1051 279 HORATII
1079 239 1284 281 FLACCI

454 359 528 406 Sit
549 358 717 406 modus
738 358 861 405 lasso
884 359 1041 419 maris,
1064 368 1113 407 et
1134 360 1332 420 viarum,

714 424 1019 486 Militiaeque!

451 490 591 539 Unde
614 490 653 537 si
677 489 839 537 Parcae
862 491 1111 552 prohibent
1134 491 1324 554 iniquae,

448 556 604 604 Dulce
627 557 799 620 pellitis
821 557 985 603 ovibus
1007 557 1180 604 Galaesi

450 621 670 684 Flumen,
693 631 740 669 et
762 633 956 686 regnata
977 618 1134 685 petam
1157 622 1341 682 Laconi

712 673 1115 758 Rprasshalanto.

449 753 539 801 Ille
562 756 791 801 terrarum
814 755 931 802 mihi
949 764 1119 817 praeter
1143 771 1311 802 omnes
1328 752 1366 797 Τ

450 884 597 933 Mella
619 883 874 947 decedunt,
899 887 1125 948 viridique
1148 896 1298 935 certat

711 952 870 1000 Bacca
892 951 1126 1010 Venafro}

451 1018 549 1065 Ver
573 1018 655 1064 ubi
679 1018 888 1081 longum,
912 1020 1185 1081 tepidasque
1207 1018 1386 1081 praebet

448 1083 634 1147 Jupiter
658 1084 872 1142 brumas;
907 1094 955 1132 et
978 1080 1158 1140 amicus
1182 1084 1344 1132 Aulon

449 1149 615 1197 Fertili
638 1150 830 1199 Baccho
853 1149 1101 1198 minimum
1125 1150 1340 1198 Falernis

539 1277 541 1279 Ι
712 1215 902 1265 Invidet
925 1218 1040 1264 uvis,

449 1281 537 1330 Ille
559 1290 606 1329 te
629 1298 816 1329 mecum
840 1284 973 1331 locus
995 1292 1043 1331 et
1066 1283 1214 1330 beatae

447 1348 694 1396 Postulant
716 1365 875 1397 arces:
911 1350 976 1397 ibi
999 1359 1051 1396 tu
1074 1349 1309 1396 calentem
1355 1340 1482 1409 {wli
1503 1372 1515 1405 g·

446 1412 622 1463 Debita
646 1415 844 1478 sparges*
858 1415 1065 1478 lacryma
1089 1415 1295 1462 favillam

709 1481 845 1530 Vatis
870 1482 1024 1530 amici.

893 1742 1033 1791 ODE
1057 1744 1116 1791 V.

822 1858 888 1890 AD
912 1859 1186 1890 POMPEIUM.

435 1926 492 1989 Ὀ
515 1958 651 1990 sAEPn
676 1957 865 1988 mecum
887 1950 1072 2004 tempus
1094 1941 1143 1988 in
1168 1941 1386 1989 ultimum

445 2007 682 2068 Deducte,
706 2007 853 2056 Bruto
875 2008 1053 2055 militiae
1077 2008 1215 2067 duce,
1260 2024 1262 2027 ·

510 2075 638 2126 Quis
661 2084 708 2122 te
731 2075 973 2122 redonavit
993 2073 1236 2125 Quiritem

576 2141 666 2188 Dis
692 2141 871 2206 patriis,
896 2140 1109 2202 Italoque
1133 2140 1268 2199 coelo,

445 2207 658 2270 Pompei,
682 2223 894 2256 meorum
917 2207 1066 2269 prime
1091 2205 1359 2253 sodalium?

444 2273 570 2322 Cum
593 2290 686 2336 quo
709 2282 968 2322 morantem
993 2270 1117 2334 saepe
1143 2272 1268 2319 diem
1291 2287 1423 2321 mero

510 2338 669 2402 Fregi,
694 2349 943 2389 coronatus
966 2339 1170 2385 nitentes

577 2405 873 2455 Malobathro
898 2405 1032 2467 Syrio
1056 2404 1285 2467 capillos'l

444 2472 633 2520 Tecum
657 2474 897 2535 Philippos
915 2480 962 2518 et
985 2471 1186 2517 celerem
1213 2471 1372 2533 fugam

445 2539 602 2599 Sensi,
627 2541 791 2588 relicta
814 2555 909 2586 non
934 2538 1054 2584 bene
1077 2537 1308 2600 parmula,
1376 2568 1382 2573 -

508 2605 679 2656 Quum
706 2607 851 2653 fracta
874 2605 1019 2651 virtus
1041 2612 1088 2650 et
1111 2603 1321 2649 minaces

576 2671 740 2734 Turpe
764 2672 913 2720 solum
937 2667 1134 2732 tetigere
1159 2677 1330 2715 mento.

444 2737 541 2783 Sed
565 2753 641 2784 me
663 2754 745 2800 per
770 2739 927 2785 hostes
951 2734 1218 2782 Mercurius
1241 2733 1366 2780 celer

445 2801 608 2850 Denso
630 2814 877 2865 paventem
902 2801 1089 2849 sustulit
1112 2803 1247 2846 aere:
1295 2822 1322 2855 μ

509 2867 584 2915 Te
609 2884 772 2915 rursus
797 2870 845 2916 in
869 2867 1044 2914 bellum
1058 2865 1312 2913 -resorbens

574 2933 713 2981 Unda
738 2935 866 2981 fretis
888 2933 995 2981 tulit
1018 2922 1261 2979 aestub‘ffi?

442 2997 570 3061 Ergo
592 3000 844 3062 obligatam
868 2999 1013 3046 redde
1037 2997 1143 3047 Jovi
1167 2997 1353 3059 dapem,

438 3064 701 3127 Longaque
726 3066 899 3112 fessum
924 3064 1088 3110 militia
1111 3062 1233 3109 latus

508 3130 707 3194 Depone
730 3132 819 3178 sub
842 3132 974 3178 lauro
998 3129 1128 3176 mea:
1164 3144 1255 3175 nec

455 3183 516 3283 ss
573 3198 723 3246 Parce
747 3198 877 3245 cadis
899 3196 984 3244 tibi
1007 3194 1263 3242 destinatis.

1324 720 1332 736 G
1370 720 1462 757 ILW„

373 823 383 843 ι
453 820 675 882 Angulus
697 821 833 880 ridet,
857 821 938 867 ubi
963 837 1059 868 non
1084 820 1310 882 Hymetto
1404 800 1636 868 θψψωμπὲ

1772 558 1834 608 10

1770 890 1832 937 15

1759 2500 1827 2585 ω’

1762 2865 1822 2913 15
