1936 3450
639 253 1046 299 EPISTOLARUM
1074 253 1193 298 LIB..
1213 256 1247 296 Ι.
1278 256 1340 296 11.

238 371 424 426 Serviet
446 375 691 438 aeternum,
713 378 823 441 quia
843 393 985 442 parvo
1007 377 1188 424 nesciet
1210 377 1292 424 uti.

237 444 330 500 Cui
353 460 449 491 non
473 444 723 498 conveniet
736 460 824 507 sua
845 460 935 503 reS,
960 451 1011 490 ut
1034 443 1223 490 calceus
1243 442 1371 501 olim,

236 510 291 557 si
308 510 426 572 pede
449 510 594 572 major
617 509 720 568 erit,
743 509 1006 566 'subvertet3
1042 508 1082 555 si
1106 508 1272 568 minor,
1297 514 1413 554 uret.

234 574 397 622 Laetus
420 585 542 623 sorte
566 575 647 624 tufi
666 576 792 622 vives
814 576 1064 638 sapienter,
1089 574 1236 622 Aristi
1255 589 1267 631 ;

236 640 346 688 Nec
369 657 445 688 me
469 642 675 689 dimittes
699 641 1045 704 incastigatum,
1070 641 1151 687 ubi
1173 640 1307 702 plura

235 706 420 770 Cogere
442 706 583 770 quam
606 705 718 754 satis
739 717 826 763 est,
850 722 907 751 ac
926 720 1019 752 uon
1043 719 1242 762 cessare,
1266 702 1469 752 videbor.

154 799 157 803 ·
235 771 446 836 Imperat
464 783 544 820 aut
566 774 706 815 servit
728 770 925 817 collecta
947 769 1149 832 pecunia
1173 770 1359 831 cuique,

234 833 436 888 Tortmn
461 834 606 897 digna
628 835 759 897 sequi
781 834 952 899 potius,
976 834 1117 897 quam
1141 836 1332 894 ducere,
1352 835 1526 882 funem.

300 900 422 950 Haec
445 901 530 947 tibi
554 900 790 947 dictabam
813 911 917 965 post
940 901 1099 949 fanum
1122 910 1257 963 putre
1280 901 1510 961 Vacunae‚

234 966 446 1030 Excepto
467 964 593 1031 quod
617 983 713 1015 non
736 966 875 1015 simul
899 983 1041 1027 esses,
1066 976 1236 1014 caetera
1257 967 1409 1016 laetus.

758 1262 1096 1312 EPISTOLA
1124 1263 1215 1312 ΧΙ.

783 1395 850 1427 AD
878 1395 1179 1429 BULLATIUM.

1277 1441 1288 1470 x

231 1496 373 1548 Qun>
396 1496 480 1544 tibi
502 1496 600 1544 visa
623 1496 786 1556 Chios,
812 1496 1000 1556 Bullati,
1025 1506 1226 1559 notaque
1251 1497 1460 1546 Lesbos?

230 1563 366 1614 Quid
390 1561 626 1610 concinna
651 1563 848 1610 Samos?
882 1563 994 1625 quid
1018 1562 1169 1610 Croesi
1194 1563 1324 1628 regia
1347 1564 1541 1613 Sardis?

233 1629 434 1690 Smyrna
455 1629 582 1690 quid,
606 1638 652 1675 et
675 1628 952 1691 Colophon?
986 1628 1161 1691 majora
1183 1630 1421 1678 minorave
1446 1630 1604 1681 samii?

233 1694 515 1756 Cunctaque
538 1710 632 1757 prae
656 1694 837 1756 Campo
859 1702 907 1740 et
929 1693 1159 1755 Tiberino
1182 1693 1375 1743 flumine
1400 1697 1624 1747 sordent?

231 1761 312 1807 An
338 1760 464 1807 venit
487 1760 535 1806 in
559 1769 715 1807 votum
741 1759 958 1827 Attalicis
982 1776 1041 1806 ex
1064 1760 1256 1807 urbibus
1279 1763 1408 1808 una?

233 1826 313 1872 An
337 1825 579 1872 Lebedum
603 1826 783 1884 laudas,
806 1826 915 1872 odio
937 1826 1078 1872 maris
1101 1835 1238 1888 atque
1261 1826 1442 1874 viarum'
1453 1829 1540 1875 2-

232 1892 338 1938 Scis
361 1891 578 1938 Lebedus
601 1891 713 1954 quid
736 1894 817 1948 srt3
852 1891 1018 1938 Gabiis
1040 1893 1269 1940 desertior
1288 1902 1426 1956 atque

231 1956 426 2004 Fidenis
449 1957 605 2004 vicus:
641 1967 798 2004 tamen
825 1957 921 2004 illic
945 1957 1097 2004 vivere
1120 1957 1313 2016 vellem3

228 2021 507 2085 Oblitusque
532 2027 757 2083 meorum,
782 2023 1128 2071 obliviscendus
1150 2034 1196 2071 et
1219 2024 1326 2087 illis,

228 2087 505 2151 Neptunum
531 2089 690 2151 procul
715 2105 741 2135 e
760 2090 883 2136 terra
907 2099 1117 2151 spectare
1142 2090 1455 2137 furentem.—

230 2155 325 2201 Sed
350 2170 501 2216 neque
524 2155 601 2216 qui
626 2154 791 2217 Capua
815 2154 1020 2203 Romam
1045 2156 1175 2218 petit,
1201 2157 1349 2203 imbre
1371 2157 1560 2219 lutoque

228 2221 479 2282 Aspersus,
502 2221 624 2267 volet
646 2221 695 2267 in
719 2221 933 2283 caupona
958 2221 1136 2269 vivere:
1172 2238 1278 2282 nec,
1302 2222 1382 2284 qui

228 2285 398 2348 Frigus
422 2286 623 2348 collegit,
643 2286 802 2334 furnos
825 2296 871 2333 et
894 2287 1062 2334 balnea
1083 2287 1258 2347 laudat,

227 2350 291 2397 Ut
315 2352 593 2398 fortunatam
618 2350 757 2414 plene
782 2353 1047 2414 praestantia
1070 2353 1209 2399 vitam
1231 2369 1241 2400 :

226 2415 350 2476 Nec,
374 2417 413 2463 si
435 2427 482 2464 te
506 2417 686 2463 validus
705 2417 948 2479 jactaverit
971 2419 1144 2465 Auster
1168 2418 1217 2465 in
1242 2418 1349 2477 alto,

227 2480 413 2530 Idcirco
435 2498 599 2529 navem
623 2492 751 2530 trans
775 2483 992 2544 AEgaeum
1016 2499 1144 2531 mare
1163 2485 1349 2532 vendas.

226 2546 460 2595 Incolumi
481 2548 678 2595 Rhodos
700 2557 748 2595 et
771 2546 998 2609 Mitylene
1022 2549 1216 2610 pulchra
1240 2549 1366 2608 facit,
1390 2550 1514 2612 quod

224 2612 417 2661 Paenula
439 2613 649 2672 solstitio,
673 2623 931 2675 campestre
954 2614 1184 2661 nivalibus
1208 2614 1347 2674 auris,

225 2677 314 2726 Per
339 2680 551 2726 brumam
573 2677 780 2738 Tiberis,
805 2679 970 2727 Sextili
989 2695 1150 2727 mense
1174 2680 1399 2727 caminus.

225 2743 351 2791 Dum
374 2745 501 2804 licet,
526 2754 573 2792 et
595 2745 771 2792 vultum
796 2754 946 2792 servat
968 2745 1008 2792 F
1010 2745 1472 2809 ortunabenignum,

225 2809 394 2857 Romae
416 2811 630 2858 laudetur
655 2811 837 2870 Samoe,
861 2820 908 2858 et
926 2811 1088 2869 Chios,
1111 2809 1378 2859 et‘Rhodos
1402 2812 1585 2862 absens,

224 2874 322 2934 Tu,
347 2891 672 2938 quamcunque
696 2877 813 2923 deus
836 2876 919 2923 tibi
946 2876 1244 2924 fortunaverit
1266 2877 1443 2939 horam,

224 2940 370 2987 Grata
393 2957 526 2988 sume
548 2957 719 2998 manu3
755 2957 849 2989 neu
873 2942 1030 2988 dulcia
1053 2941 1185 2988 differ
1204 2942 1252 2989 in
1277 2959 1469 3004 annum,

223 3004 302 3063 Ut,
326 3018 601 3068 quocunque
625 3007 728 3054 loco
752 3007 908 3066 fueris,
934 3007 1100 3054 vixisse
1120 3007 1319 3055 libenter

224 3069 302 3117 Te
324 3070 479 3117 dicas:
515 3086 624 3119 nam
647 3073 686 3119 si
709 3073 826 3119 ratio
848 3082 896 3119 et
917 3073 1165 3135 prudentia
1187 3089 1339 3133 curas,

223 3133 334 3183 Non
358 3135 488 3183 locus
510 3136 644 3248 είῖιὲεὶ
666 3136 758 3186 late
783 3138 924 3186 maris
946 3139 1131 3198 arbiter,
1151 3138 1326 3197 aufert3

1701 256 1798 307 157

1738 2093 1796 2140 to

1700 2451 1714 2481 3
1730 2422 1792 2469 15
