1924 3412
695 239 745 286 Q.
776 238 1018 280 HORATII
1047 240 1252 282 FLACCI

412 359 579 411 Quum
603 360 888 423 promineret
909 376 1006 419 ore,
1028 358 1258 422 quantum
1282 369 1472 410 exstant
1492 362 1615 426 aqua

624 478 627 480 μ
676 426 918 488 Suspensa
939 436 1100 474 mento
1123 442 1343 490 corpora:

413 491 594 539 Exusta
616 490 684 538 uti
709 492 915 538 medulla
937 501 985 540 et
1008 493 1191 539 aridum
1203 496 1207 500 '
1210 493 1345 555 jecur

674 558 866 605 Amoris
889 568 1012 605 esset
1035 559 1273 621 poculum,

412 623 724 671 Interminato
746 639 889 685 quum
915 625 1058 671 semel
1083 624 1187 671 fixae
1212 626 1318 673 cibo

676 689 996 736 intabuissent
1018 691 1221 753 pupulae.

410 754 524 803 Non
547 755 752 802 defuisse
776 756 997 802 mascula}
1020 755 1232 804 libidinis

673 821 1027 870 Ariminensem
1052 821 1252 883 Foliam,

411 886 475 935 Et
495 887 644 935 otiosa
667 888 866 934 credidit
890 887 937 933 N
940 888 1131 950 eapoliS,

670 952 736 1000 Et
758 970 900 1000 omne
925 954 1132 1000 vicinum
1150 954 1391 1017 oppidum,

411 1019 539 1071 Quae
563 1019 732 1078 sidera,
758 1028 1008 1069 excantata
1031 1036 1145 1067 voce
1170 1020 1422 1081 Thessala,

675 1080 954 1147 Lunamque
977 1086 1097 1132 coelo
1121 1087 1302 1148 deripit.

411 1150 511 1198 Hic
535 1150 809 1198 irresecturn
836 1168 958 1199 saeva
981 1152 1123 1199 dente
1146 1152 1289 1199 livido

673 1217 877 1264 Canidia
899 1218 1072 1265 rodens
1094 1218 1328 1280 pollicem,

410 1283 546 1335 Quid
570 1283 719 1330 dixi-t?
754 1293 834 1330 aut
858 1284 966 1345 quid
993 1285 1178 1331 tacuit?
1215 1289 1243 1308 “
1261 1284 1308 1332 O
1331 1285 1472 1332 rebus
1495 1284 1614 1333 meis

673 1348 785 1396 Non
811 1349 1023 1396 infideles
1048 1350 1248 1409 arbitrae‚

410 1414 523 1463 Nox
545 1423 593 1462 et
616 1414 772 1479 Diana
794 1431 897 1477 quae
922 1416 1160 1462 silentium
1183 1416 1325 1478 regis,

675 1482 869 1528 Arcana
891 1498 1035 1543 quum
1061 1482 1179 1529 fiunt
1202 1498 1336 1529 sacra
1356 1499 1368 1540 ;

413 1547 462 1595 N
467 1559 577 1607 un'c,
601 1563 731 1594 nunc
756 1548 943 1605 adeste3
980 1564 1111 1594 nunc
1137 1549 1185 1594 in
1211 1549 1402 1595 hostiles
1425 1549 1589 1597 domos

676 1613 798 1660 Iram
825 1623 962 1676 atque
987 1630 1164 1660 numen
1190 1615 1369 1662 vertite.

410 1679 747 1727 Formidolosae
773 1681 890 1726 dumv
909 1680 1056 1727 latent
1079 1680 1206 1726 silvis
1230 1680 1356 1741 ferae,

674 1745 817 1792 Dulci
842 1762 1005 1808 sopore
1030 1746 1282 1808 languidae,

413 1813 604 1871 Senem,
620 1813 752 1874 ‘quod
777 1828 942 1859 omnes
965 1812 1166 1871 rideant,
1191 1813 1457 1860 adulterum

672 1877 867 1926 Latrent
893 1878 1154 1925 Suburanae
1178 1894 1338 1938 canes,

410 1943 459 1990 N
464 1944 577 1992 ardo
599 1951 897 2006 perunctum,
922 1944 1059 2006 quale
1083 1956 1177 1991 non
1201 1944 1457 2007 perfectius

673 2008 797 2056 Meae
822 2010 1077 2058 laborarint
1100 2026 1281 2057 manus.

408 2076 544 2127 Quid
569 2076 774 2123 accidit'l
810 2093 894 2122 cur
918 2077 1020 2123 dira
1044 2076 1251 2122 barbarae
1276 2073 1435 2124 minus

673 2142 874 2189 Venena
900 2141 1085 2188 Medeae
1109 2142 1280 2200 valent,

407 2208 602 2259 Quibus
625 2209 870 2270 superbam
898 2208 1016 2270 sugit
1039 2208 1136 2254 ulta
1158 2208 1390 2270 pellicem,

674 2273 838 2336 Magni
863 2273 1082 2320 Creontis
1106 2273 1264 2332 filiam,

407 2339 576 2391 Quum
599 2339 737 2403 palla,
762 2341 871 2387 tabo
897 2355 1068 2386 munus
1094 2340 1341 2398 imbutum,
1366 2355 1537 2388 novam

671 2405 903 2452 Incendio
927 2415 1120 2468 nuptam
1145 2406 1368 2453 abstulit?

410 2472 555 2534 Atqui
580 2487 670 2518 nec
696 2472 838 2518 herba
863 2487 951 2518 nec
970 2473 1121 2518 latens
1147 2472 1194 2518 in
1216 2472 1392 2534 asperis

671 2537 831 2583 Radix
856 2537 1017 2584 fefellit
1040 2538 1115 2584 me
1140 2538 1268 2584 locis.

415 2603 641 2651 [ndormit
664 2604 821 2650 unctis
845 2604 1056 2650 omnium
1082 2603 1316 2649 cubilibus

670 2668 919 2716 Oblivione
944 2669 1180 2731 pellicum.

409 2735 516 2781 Ah!
554 2735 640 2781 ah!
667 2735 845 2781 solutus
870 2735 1076 2781 ambulat
1100 2734 1321 2781 veneficae

673 2801 947 2847 Scientioris
971 2800 1195 2846 carmine.

409 2862 523 2912 Non
547 2865 744 2924 usitatiS,
770 2867 911 2925 Vare,
935 2866 1218 2927 pot-ionibus,

673 2930 719 2976 O
744 2932 890 2978 multa
914 2930 1132 2978 fleturum
1156 2931 1319 2992 caput!

410 2997 488 3043 Ad
512 3012 587 3043 me
611 3012 848 3053 recurres;
885 3012 976 3043 nec
1000 3005 1162 3043 vocata
1185 3012 1320 3043 mens
1343 3004 1424 3044 tua

669 3060 840 3107 Marsis
863 3062 1033 3108 redibit
1057 3061 1260 3108 vocibus.

409 3126 566 3191 Majus
587 3127 778 3189 parabo,
804 3127 954 3189 majus
978 3127 1223 3173 infundam
1247 3127 1332 3175 tibi

672 3192 712 3239 F
715 3193 951 3240 astidienti
973 3193 1209 3256 poculum.

1721 693 1787 742 40

1716 2010 1785 2059 60

1718 2667 1782 2715 70

1714 2994 1780 3041 75
