1976 3432
712 269 765 316 Q.
795 269 1036 309 HORATII
1064 267 1268 311 FLACCI

858 453 996 501 ODE
1018 453 1138 502 XII.

743 569 809 600 AD
844 569 1014 601 AELIUM
1048 565 1260 601 LAMIA'M.

440 650 571 711 AEm,
596 661 777 699 vetusto
803 653 971 700 nobilis
996 653 1055 698 ab
1077 652 1244 711 Lamo,

441 715 674 781 (Quando
698 728 744 765 et
766 719 944 781 priores
968 719 1079 764 hinc
1103 717 1292 773 Lamias
1315 716 1471 765 ferunt

504 782 863 843 DenominatOS,
887 794 935 832 et
956 794 1180 846 nepotum

567 849 657 896 Per
680 866 913 897 memores
936 865 1086 912 genus
1109 865 1249 896 omne
1269 849 1409 896 fastos

438 914 651 962 Auctore
677 916 736 962 ab
758 915 838 962 illo
861 916 992 963 ducit
1015 916 1263 977 originem,
1326 917 1328 920 ’

436 979 539 1031 Qui
563 979 857 1028 Formiarum
882 982 1055 1028 moenia
1078 982 1248 1028 dicitur

418 1104 421 1110 Δ
502 1045 745 1110 Princeps,
771 1057 818 1094 et
841 1048 1083 1094 innantem
1107 1046 1301 1094 Maricae

566 1113 823 1160 Littoribus
846 1114 1052 1160 tenuisse
1077 1113 1241 1172 Lirim,

437 1175 557 1226 Late
582 1179 860 1243 tyrannus);
897 1195 1001 1225 cras
1027 1179 1149 1226 foliis
1172 1194 1341 1225 nemus

438 1242 604 1291 Multis
627 1253 673 1291 et
697 1244 804 1307 alga
826 1245 955 1292 littus
979 1245 1133 1291 inutili

500 1310 720 1357 Demissa
742 1319 993 1373 tempestas
1017 1311 1075 1356 ab
1098 1310 1228 1358 Euro

572 1378 778 1435 Sternet,
804 1393 934 1439 aquae
958 1377 1049 1422 nisi
1074 1377 1191 1423 fallit
1216 1391 1366 1438 augur

436 1442 637 1489 Annosa
661 1443 839 1489 cornix.
910 1442 1037 1488 Dum
1062 1452 1211 1504 potes,
1236 1442 1418 1489 aridum

438 1508 683 1570 Compone
707 1509 916 1570 lignum:
953 1523 1058 1555 cras
1081 1508 1288 1555 Genium
1313 1523 1442 1556 mero
1499 1516 1502 1521 ’

501 1574 719 1634 curabis,
745 1584 792 1621 et
814 1589 957 1636 porco
982 1574 1206 1632 bimestri,

569 1640 695 1687 Cum
721 1640 906 1687 famulis
929 1656 1124 1703 operum
1149 1639 1324 1687 solutis.

840 1903 978 1950 ODE
1001 1903 1146 1951 XIII.

829 2019 895 2049 AD
932 2019 1153 2051 FAUNUM.

438 2102 635 2162 FAUNE,
661 2091 989 2164 Nympharum
1014 2101 1277 2165 fugientum
1301 2109 1495 2164 amator,

436 2168 526 2215 Per
550 2184 681 2216 meos
704 2168 821 2215 fines
845 2177 892 2214 et
915 2168 1074 2230 aprica
1096 2184 1205 2214 rura

436 2234 582 2282 Lenis
605 2235 815 2292 incedas,
841 2235 1072 2295 abeasque
1097 2233 1248 2296 parvis

765 2300 948 2361 AEquus
972 2299 1199 2346 alumnis:

438 2365 490 2412 Si
514 2374 646 2413 tener
668 2365 806 2427 pleno
830 2366 956 2411 cadit
981 2366 1144 2411 haedus
1167 2380 1307 2424 anno,

437 2432 591 2493 Larga
614 2447 705 2478 nec
728 2432 899 2478 desunt
921 2431 1123 2477 Veneris
1147 2431 1294 2478 sodali
1345 2447 1359 2456 s

437 2498 565 2545 Vina
587 2506 796 2555 craterae,
821 2507 951 2543 vetus
977 2513 1055 2543 ara
1080 2497 1226 2544 multo

757 2563 929 2610 Fumat
951 2564 1106 2610 odore.

437 2628 583 2676 Ludit
607 2629 803 2675 herboso
828 2645 973 2690 pecus
995 2644 1135 2675 omne
1161 2643 1343 2690 campo,
1363 2646 1367 2649 ·

435 2693 602 2744 Quum
626 2695 711 2741 tibi
736 2693 889 2741 Nonae
914 2695 1111 2741 redeunt
1135 2693 1451 2740 Decembres:

439 2758 609 2806 Festus
633 2761 681 2807 in
706 2761 849 2822 pratis
874 2769 1006 2807 vacat
1027 2759 1176 2806 otioso

766 2825 889 2872 Cum
914 2827 1029 2872 bove
1051 2839 1226 2887 pagus:

441 2889 570 2937 Inter
594 2891 799 2938 audaces
822 2892 958 2953 lupus
981 2899 1103 2937 errat
1127 2904 1300 2951 agnos:

443 2956 632 3018 Spargit
655 2968 861 3018 agrestes
884 2957 967 3002 tibi
992 2957 1105 3002 silva
1129 2955 1344 3002 frondes:

440 3021 631 3075 Gaudet
653 3023 849 3069 invisam
873 3022 1105 3083 pepulisse
1130 3020 1273 3067 fossor

769 3086 869 3133 Ter
892 3088 1011 3147 pede
1029 3097 1216 3133 terram.

1751 1239 1813 1288 10
1859 1202 1900 1235 “⁶⁵

1752 1573 1813 1623 15

1751 2690 1813 2739 10

1753 3016 1814 3065 15
