1936 3450
204 241 301 290 156
746 237 798 283 Q·
827 234 1068 277 HORA'I'II
1096 233 1301 277 FLACCI

805 419 1144 468 EPISTOLA
1167 419 1295 469 Xe&

734 535 801 568 AD
824 535 1019 569 FUSOUM
1042 535 1298 568 ARISTIUM.

266 622 424 671 URms
448 628 700 668 amatorem
725 618 938 666 Fuscum
961 619 1139 666 salvere
1158 618 1380 680 jubemus

267 689 416 736 Ruris
439 696 699 743 amatores;
736 686 830 733 hac
854 685 902 732 in
926 701 977 732 re
1003 685 1185 733 scilicet
1207 685 1304 732 una

266 751 472 802 Multum
496 751 761 811 dissimiles,
785 752 843 798 ad
868 760 1039 798 caetera
1059 748 1183 813 pene
1208 749 1409 812 gemelli.
1468 775 1481 780 ι

266 819 506 867 Fraternis
529 818 714 877 animis,
737 817 962 879 quidquid
985 826 1127 879 negat
1149 817 1284 875 alter,
1301 825 1349 863 et
1365 815 1510 864 alter:

266 886 538 933 Annuimus
562 884 750 946 pariter,
775 883 916 930 vetuli
939 883 1129 944 notique
1154 882 1387 940 columbi;

266 952 348 999 Tu
371 952 533 999 nidum
560 965 729 1008 servas,
753 965 845 1011 ego
864 949 1005 996 laudo
1029 949 1148 995 ruris
1171 946 1345 994 amoeni

265 1018 431 1077 Rivos,
455 1026 502 1064 et
525 1032 689 1063 musco
711 1014 978 1062 circumlita
1000 1030 1127 1073 saxa,
1151 1029 1424 1075 nemusque.
1486 1037 1489 1039 “

264 1084 399 1134 Quid
422 1083 628 1145 quaeris'l
662 1082 781 1140 vivo,
805 1089 852 1127 et
875 1096 1046 1143 regno,
1060 1079 1310 1141 simul-ista
1333 1079 1499 1142 reliqui

263 1149 391 1200 Quae
415 1166 495 1196 vos
519 1149 577 1195 ad
601 1148 771 1195 coelum
797 1146 971 1193 effertis
994 1162 1181 1193 rumore
1205 1147 1442 1193 secundo:

264 1215 421 1278 thue
444 1215 697 1262 sacerdotis
720 1213 957 1275 fugitivus,
980 1212 1075 1258 liba
1097 1227 1293 1268 recuso;

264 1281 395 1329 Pane
418 1297 553 1344 egeo,
571 1281 666 1343 jam
690 1279 877 1326 mellitis
900 1278 1077 1341 potiore
1099 1277 1345 1340 placentis.

330 1348 501 1395 Vivere
525 1356 704 1393 naturae
729 1345 767 1392 si
792 1345 1124 1392 convenienter
1147 1353 1347 1406 oportet,

266 1413 597 1475 Ponendaeque
620 1414 759 1459 domo
781 1411 1036 1473 quaerenda
1057 1419 1130 1456 est
1152 1425 1260 1456 area
1282 1405 1486 1472 primum
1505 1423 1519 1466 ;

267 1480 513 1527 Novistine
537 1480 691 1526 locum
714 1478 941 1540 potiorem
965 1492 1072 1523 rure
1096 1476 1268 1523 beato'l

266 1545 353 1593 Est
376 1546 458 1592 ubi
480 1543 585 1608 plus
607 1552 798 1607 tepeant
819 1543 1035 1590 hiemes'l
1070 1542 1150 1589 ubi
1173 1541 1345 1604 gratior
1368 1556 1484 1588 aura

266 1613 438 1659 Leniat
461 1621 508 1659 et
533 1611 709 1658 rabiem
735 1610 901 1669 Canis,
919 1618 967 1656 et
990 1617 1226 1655 momenta
1250 1607 1442 1665 Leonis,

265 1679 432 1729 Quum
458 1678 602 1724 semel
627 1677 810 1739 accepit
833 1676 978 1723 solem
1002 1675 1280 1722 furibundus
1304 1672 1534 1720 acutum?

268 1744 354 1791 Est
376 1745 456 1791 ubi
479 1743 667 1792 divellat
689 1758 875 1790 somnos
898 1739 1056 1788 minus
1079 1741 1236 1787 invida
1259 1740 1410 1786 cura?

267 1809 490 1858 Deterius
514 1808 704 1872 Libycis
721 1809 823 1856 olet
839 1818 920 1854 aut
942 1807 1061 1854 nitet
1084 1807 1228 1853 herba
1250 1805 1455 1868 lapillis?

267 1877 434 1924 Purior
458 1877 507 1923 in
531 1876 646 1922 vicis
670 1891 789 1937 aqua
806 1874 957 1921 tendit
979 1888 1195 1935 rumpere
1217 1871 1478 1935 plumbum,

266 1941 431 1993 Quam
454 1958 557 2004 quae
580 1958 663 2004 per
685 1956 885 2003 pronum
909 1939 1108 2001 trepidat
1126 1954 1234 1985 cum
1259 1952 1498 1983 murmure
1521 1935 1705 1983 rivum?

267 2009 454 2071 Nempe
479 2009 600 2055 inter
623 2007 774 2053 varias
798 2006 1002 2054 nutritur
1024 2005 1139 2052 silva
1161 2003 1422 2062 columnas,

267 2074 605 2136 Laudaturque
623 2074 790 2119 domus
808 2073 971 2134 longos
994 2075 1097 2132 qu'ae
1120 2069 1343 2132 prospicit
1361 2084 1509 2131 agros.

267 2141 499 2187 Naturam
519 2139 723 2201 expelles
748 2138 898 2196 furca,
921 2146 1078 2183 tamen
1103 2151 1248 2196 usque
1272 2142 1498 2193 recurret,

267 2206 330 2254 Et
352 2206 474 2252 mala
495 2213 764 2268 perrumpet
787 2203 944 2250 furtim
971 2202 1154 2248 fastidia
1177 2200 1355 2247 victrix.

333 2271 465 2331 Non,
488 2272 565 2334 qui
591 2270 788 2317 Sidonio
811 2269 1095 2316 contendere
1119 2267 1318 2314 callidus
1339 2274 1467 2313 ostro

268 2338 436 2386 Nescit
461 2338 744 2399 Aquinatem
767 2335 976 2398 potantia
998 2334 1168 2380 vellera
1191 2333 1367 2390 fucum,

229 2428 245 2440 ·‹
268 2405 456 2451 Certius
474 2404 673 2465 accipiet
696 2404 921 2453 damnum
939 2400 1188 2463 propiusve
1212 2396 1446 2455 medullis,

267 2469 431 2521 Quam
455 2471 534 2531 qui
559 2485 652 2515 non
675 2468 844 2531 poterit
868 2482 976 2514 vero
995 2466 1282 2528 distinguere
1307 2463 1489 2510 falsum.

266 2536 429 2586 Quem
453 2552 526 2582 res
549 2531 668 2597 plus
678 2533 823 2581 nimio
847 2531 1140 2579 delectavere
1160 2530 1398 2588 secundae,

269 2602 464 2648 Mutatae
488 2602 712 2663 quatient.
764 2600 834 2652 ⁴Si
858 2599 969 2660 quid
995 2597 1240 2655 mirabere,
1265 2610 1412 2657 pones

270 2667 464 2714 Invitus.
534 2666 668 2729 Fuge
692 2682 886 2728 magna3
923 2665 1034 2710 licet
1053 2664 1138 2710 sub
1159 2676 1364 2725 paupere
1385 2667 1513 2706 tecto

270 2733 433 2794 Reges
456 2741 503 2778 et
526 2743 688 2794 regum
712 2731 808 2779 vita
829 2745 1113 2794 praecurrere
1137 2727 1326 2774 amicos.

335 2798 515 2844 Cervus
538 2813 707 2859 equum
732 2796 894 2859 pugna
917 2795 1078 2842 melior
1101 2791 1429 2841 communibus
1452 2788 1608 2837 herbis

271 2863 496 2922 Pellebat,
521 2864 671 2909 donec
694 2864 846 2909 minor
870 2862 918 2908 in
942 2860 1198 2907 certamine
1217 2859 1356 2919 longo

270 2928 538 2991 Imploravit
559 2944 671 2990 opes
694 2928 913 2986 hominiS‚
938 2927 1224 2986 fraenumque
1248 2922 1426 2984 recepit
1446 2937 1455 2966 :

273 2995 385 3053 Sed,
407 3003 650 3056 postquam
675 2993 820 3039 victor
844 2993 1019 3040 violens
1043 2989 1255 3037 discessit
1279 2988 1338 3034 ab
1361 2988 1509 3045 hoste,
1541 3017 1552 3027 ·

273 3060 385 3107 Non
409 3060 610 3121 equitem
635 3058 787 3116 dorso,
811 3074 905 3104 non
931 3058 1125 3103 fraenum
1150 3053 1328 3116 depulit
1350 3069 1445 3099 ore.

274 3122 356 3173 Sic
378 3127 473 3187 qui,
498 3124 766 3188 pauperiem
791 3124 980 3180 veritus,
1001 3122 1178 3184 potiore
1202 3118 1403 3166 metallis

273 3191 510 3239 Libertate
534 3198 677 3251 caret,
700 3189 943 3237 dominum
968 3188 1106 3234 vehet
1129 3185 1382 3246 improbus,
1405 3191 1544 3244 atque

1779 1211 1837 1258 10

1775 1540 1838 1588 15

1771 1868 1838 1916 ξω
1910 1877 1913 1880 ,

1769 2816 1862 2901 35.
1920 2814 1927 2819 .
