1936 3450
1137 116 1139 122 .
1157 94 1193 123 *101²*

246 243 340 292 184
778 240 831 289 Q.
861 239 1103 300 HORATII
1132 240 1337 283 FLACCI

275 411 283 422 ,
305 359 517 408 Unctum
538 359 643 408 oleo
664 360 795 424 largo
816 361 958 424 nudis
980 361 1188 409 humeris
1209 363 1318 411 tulit
1339 362 1516 422 haeres3
1821 365 1901 414 75⁷
1921 387 1923 389 ·

307 426 504 480 Scilicet
525 426 648 473 elabi
671 427 710 482 si
734 436 890 501 posset
911 421 1110 488 mortua,
1135 429 1292 488 credo,

304 489 457 541 Quod
480 491 680 540 nimium
705 492 937 540 institerat
958 493 1144 541 viventi
1215 494 1397 542 Cautus
1419 494 1572 543 adito.

305 558 419 605 Neu
443 559 567 606 desis
589 574 767 622 operae,
778 575 896 606 neve
920 559 1255 606 immoderatus
1278 561 1503 608 abundes.

305 616 561 672 Difficilem
586 633 633 671 et
651 639 886 672 morosum
909 625 1117 672 offendet
1139 616 1384 688 garrulus:
1419 625 1543 676 ultra
1591 625 1594 628 ’
1701 683 1704 686 X

304 690 418 738 Non
444 691 584 737 etiam
610 691 760 737 sileas.
829 689 990 737 Davus
1014 691 1076 738 sis
1100 691 1327 752 comicus,
1353 701 1492 755 atque
1649 684 1664 740 ¹.
1818 693 1884 742 80
1916 710 1925 756 j

305 758 413 804 Stes
437 757 592 819 capite
615 755 814 819 obstipo,
838 754 1039 803 multum
1066 757 1230 804 similis
1253 758 1498 806 metuenti.
1562 817 1565 821 s
1641 811 1644 813 ‚

303 822 547 885 Obsequio
563 838 809 901 grassare.
845 839 1001 882 mone,
1026 823 1064 870 si
1089 823 1324 871 increbuit
1346 840 1476 884 aura,

304 889 487 936 Cautus
511 886 579 935 uti
606 889 725 935 velet
750 904 912 935 carum
936 897 1104 951 caput:
1140 882 1332 937 extrahe
1355 890 1508 950 turba,

302 954 544 1017 Oppositis
568 954 807 1002 humeris:
843 970 1006 1002 aurem
1030 953 1296 1018 substringe
1319 953 1519 1018 loquaci.
1916 1003 1919 1007 ,

303 1019 610 1083 Importunus
634 1029 759 1067 amat
780 1014 995 1067 laudari?
1030 1021 1198 1081 donec,
1220 1025 1249 1046 “
1269 1020 1377 1071 Ohe
1398 1023 1408 1069 l
1441 1022 1565 1086 jam.
1555 1022 1598 1054 ''’
1810 1022 1878 1071 85
1930 1019 1935 1045 ³⁴

303 1087 384 1134 Ad
408 1087 580 1133 coeium
607 1087 824 1133 manibus
847 1085 1058 1146 sublatis,
1083 1086 1269 1147 dixerit,
1294 1104 1439 1151 urge3
1475 1097 1523 1136 et

303 1153 612 1200 Crescentem
637 1145 830 1200 tumidis
853 1151 966 1199 infla
981 1153 1282 1214 sermonibus
1305 1163 1471 1202 utrem.

304 1218 474 1269 Quum
497 1227 544 1266 te
568 1218 756 1266 servitio
775 1218 917 1280 longo
941 1233 1148 1280 curaque
1172 1219 1368 1278 levarit3

302 1283 365 1331 Et
388 1283 573 1333 certum
595 1284 841 1346 vigilansst
847 1283 1078 1335 ‘Quartae
1103 1294 1203 1332 esto
1225 1285 1370 1347 partis
1391 1281 1605 1348 Ulysses,
1604 1286 1631 1308 ’³
1921 1332 1925 1338 ,

303 1350 575 1410 Audierisf
581 1351 793 1397 ‘'haeres
784 1351 810 1372 ''
831 1367 840 1375 ·
877 1353 908 1374 “
925 1348 1052 1412 Ergo
1074 1366 1204 1398 nunc
1227 1350 1382 1399 Dama
1405 1352 1577 1399 sodalis
1814 1352 1881 1401 90

302 1415 550 1479 Nusquam
575 1417 665 1463 est!
703 1416 830 1463 unde
853 1415 969 1463 mihi
993 1425 1090 1468 tam
1115 1416 1280 1464 fortem
1303 1427 1491 1480 tamque
1514 1417 1701 1466 fidelem
1719 1400 1769 1466 'l’'

304 1483 482 1544 Sparge
507 1481 733 1531 subinde:
770 1491 832 1542 et,
857 1482 893 1529 si
913 1479 1106 1544 paulurn
1128 1492 1275 1546 potes,
1300 1483 1606 1545 illacrymare.
1675 1483 1762 1537 Est

302 1548 490 1595 Gaudia
512 1548 790 1611 prodentem
813 1547 991 1595 vultum
1017 1548 1185 1596 celare.
1256 1549 1552 1613 Sepulcrum,

304 1615 599 1662 Permissum
623 1614 828 1673 arbitrio,
853 1614 955 1661 sine
979 1614 1193 1662 sordibus
1216 1625 1430 1663 exstrue:
1467 1615 1609 1668 funus
1928 1657 1934 1661 ,γ

302 1679 510 1743 Egregie
536 1680 710 1727 factum
734 1680 894 1727 laudet
917 1680 1104 1727 vicinia.
1176 1681 1229 1728 Si
1252 1682 1355 1743 quis
1809 1683 1876 1731 95

303 1745 447 1793 Forte
474 1747 775 1811 cohaeredum
799 1746 954 1793 senior
977 1745 1100 1794 male
1126 1748 1308 1806 tussiet‚
1332 1748 1444 1795 huic
1467 1756 1518 1796 tu
1927 1759 1930 1767 ²

302 1811 413 1872 Dic,
439 1829 499 1860 ex
516 1824 646 1876 parte
670 1813 769 1872 tua,
794 1828 878 1859 seu
903 1812 1035 1859 fundi
1059 1813 1347 1860 sive‘domfis
1370 1813 1449 1874 sit<

302 1877 515 1941 Emptor,
539 1880 825 1941 gaudentem
849 1895 1043 1935 nummo
1061 1889 1107 1926 te
1131 1880 1363 1927 addicere.
1435 1879 1531 1927 Sed
1554 1895 1631 1927 me

302 1943 564 2009 Imperiosa
585 1945 727 1992 trahit
744 1944 1052 2008 Proserpina:
1089 1945 1207 2006 vive,
1232 1946 1438 2011 valeque.

862 2239 1136 2289 ‘SATIRA
1159 2241 1246 2289 VI.

301 2340 413 2388 Hoc
438 2348 537 2387 erat
561 2340 610 2387 in
633 2339 775 2387 votis:
811 2340 980 2387 modus
1002 2340 1102 2403 agri
1126 2356 1220 2387 non
1246 2340 1311 2387 ita
1334 2355 1549 2403 magnus,

301 2406 486 2454 Hortus
509 2407 606 2466 ubi,
630 2416 677 2453 et
699 2415 825 2454 tecto
849 2405 1032 2452 vicinus
1051 2405 1176 2468 jugis
1201 2421 1332 2468 aquae
1357 2406 1475 2467 fons,

301 2472 364 2520 Et
388 2473 578 2536 paulum
603 2472 728 2519 silvae
753 2487 892 2534 super
916 2471 990 2519 his
1014 2471 1142 2519 foret.
1212 2470 1418 2520 Auctius
1435 2481 1574 2536 atque

299 2537 363 2585 Di
390 2536 558 2586 melius
583 2537 741 2585 fecere
764 2554 774 2585 ;
810 2538 930 2584 bene
955 2547 1038 2586 est.
1108 2537 1242 2585 Nihil
1262 2538 1459 2600 ampli-us
1480 2554 1578 2598 oro,

300 2603 433 2651 Maia
457 2614 581 2663 nate,
607 2603 697 2650 nisi
717 2613 769 2650 ut
790 2603 975 2666 propria
998 2604 1101 2650 haec
1123 2603 1238 2650 mihi
1262 2619 1459 2650 munera
1481 2600 1612 2651 faxis.

301 2671 351 2716 Si
378 2686 530 2732 neque
555 2670 779 2732 majorem
803 2669 894 2716 feci
917 2668 1097 2716 ratione
1121 2669 1244 2716 mala
1267 2685 1382 2729 rem,

298 2734 346 2781 N
351 2751 408 2782 ec
431 2752 534 2781 sum
559 2736 767 2782 facturus
790 2735 901 2782 vitio
925 2735 1122 2797 culpave
1146 2735 1401 2792 minorem,
1392 2751 1402 2760 ·

301 2800 352 2847 Si
378 2816 571 2848 vrneror
595 2801 762 2848 stultus
786 2800 902 2847 nihil
927 2801 1108 2860 horum,
1128 2803 1158 2825 “
1174 2799 1220 2847 O
1244 2799 1283 2848 si
1307 2799 1509 2863 angulus
1530 2799 1608 2849 ille
1631 2863 1633 2865 ι

299 2865 548 2912 Proximus
572 2867 783 2926 accedat,
807 2866 886 2928 qui
909 2882 1038 2933 nunc
1063 2866 1307 2913 denormat
1329 2865 1558 2929 agellum!
1912 2929 1914 2931 Ι

298 2930 345 2977 Ο
369 2931 408 2976 si
433 2947 596 2977 urnam
623 2933 802 2994 argenti
828 2932 919 2979 fors
938 2947 1040 2993 quae
1064 2931 1180 2978 mihi
1203 2933 1454 2979 monstret!
1490 2941 1543 2980 ut
1564 2930 1647 2993 illi,
1808 2934 1867 2982 10
1908 2987 1911 2991 ,

299 2995 583 3043 Thesauro'
573 3013 648 3042 rm
653 3006 778 3056 ento
801 2998 877 3059 qui
902 2997 1222 3044 mercenarius
1245 3013 1410 3060 agrum
1910 2999 1922 3010 ”

299 3061 476 3109 Illum
465 3077 618 3123 ipsum
642 3073 877 3109 mercatus
900 3063 1060 3121 aravit,
1085 3062 1213 3109 dives
1236 3062 1388 3110 amico

300 3127 569 3185 Hercule;''
606 3127 645 3174 si
668 3128 792 3188 quod
817 3128 949 3174 adest
972 3137 1155 3190 gratum
1175 3127 1330 3191 juvat:
1366 3129 1458 3176 hac
1479 3144 1620 3192 prece
1641 3137 1690 3177 te
1710 3145 1810 3190 oro,

299 3192 483 3257 Pingue
505 3208 652 3256 pecus
674 3191 865 3240 domino
889 3193 1048 3253 faciaS‚
1073 3202 1120 3240 et
1143 3203 1328 3255 caetera,
1350 3204 1517 3257 praeter
