1936 3450
664 246 1006 291 SATIRARUM
1034 246 1143 287 LIB.
1173 246 1209 288 1.
1239 248 1278 286 5.

148 360 154 370 ⁹
217 351 431 420 Sefflsam
455 369 561 433 laevi
585 369 783 417 frontem
807 377 1082 431 turpaverat
1092 367 1200 415 oris.
1262 402 1264 404 ψ

218 437 372 499 Camp
373 437 531 483 anum-
541 435 589 482 in
613 437 850 494 morbum,
870 435 918 481 in
943 432 1111 487 faciem
1134 432 1366 496 permulta
1383 431 1592 495 jocatus,

210 453 457 553 'PastoIiem
482 501 671 549 saltaret
693 499 761 548 uti
778 501 994 576 Cyclopa
1015 500 1236 562 rogabat:

219 566 304 616 Nil
327 568 393 615 illi
418 568 545 614 larva
569 575 650 623 aut
664 563 863 630 tragicis
885 579 1004 628 opus
1027 582 1130 612 esse
1155 564 1410 612 cothurnis.

219 632 375 683 Multa
397 634 610 681 Cicirrus
634 631 693 680 ad
717 634 846 681 haec:
882 632 1141 680 donasset
1126 644 1296 710 jamne
1311 638 1528 683 catenam

220 700 296 747 Ex
318 709 423 747 voto
446 699 662 758 Laribus,
686 699 954 772 qdaerebat:
991 698 1147 744 scriba
1169 694 1297 758 quod
1321 692 1462 755 esset,

219 766 440 813 Deterius
463 765 610 812 nihilo
633 738 872 812 dominae
855 780 933 827 Jus
956 780 1072 810 esse.
1142 763 1364 824 Rogabat

219 831 439 894 Denique
463 847 546 879 cur
569 846 775 892 unquam
801 830 1011 892 fugisset,
1036 829 1115 876 cui
1139 826 1252 875 satis
1275 844 1373 874 una

220 897 379 944 Farris
401 898 520 943 libra
544 897 676 956 foret,
700 896 878 959 gracili
890 896 960 944 sic
983 905 1169 956 tamque
1178 894 1376 956 pusillo.

190 971 194 979 ”
220 963 418 1011 Prorsus
436 961 650 1025 jucunde
675 978 860 1008 coenam
883 962 1188 1024 produximus
1211 961 1351 1010 illam,

1674 992 1681 1002 .
1725 959 1787 1005 70

286 1029 555 1076 Tendimus
578 1029 690 1075 hinc
713 1029 844 1074 recta
868 1027 1209 1084 Beneventum,
1237 1025 1315 1071 ubi
1338 1025 1531 1077 sedulus
1555 1025 1722 1087 hospes

220 1093 351 1142 Pene
377 1095 503 1153 arsit,
527 1110 710 1141 macros
735 1095 848 1140 dum
871 1094 1032 1140 turdos
1059 1101 1209 1139 versat
1227 1107 1280 1138 m
1305 1091 1447 1153 igne:

128 1154 175 1192 ·”'
221 1161 349 1211 Nam
375 1177 496 1224 vaga
517 1177 601 1225 per
624 1169 828 1207 veterem
854 1159 1037 1221 dilapso
1057 1157 1244 1206 flamma
1267 1158 1489 1209 culinam

219 1223 438 1275 Vulcano
461 1242 698 1273 summum
721 1226 1000 1287 properabat
1023 1225 1228 1290 lambere
1253 1233 1446 1270 tectum.

219 1293 454 1341 Convivas
479 1290 638 1353 avidos
662 1307 850 1338 coenam
875 1293 1123 1352 servosque
1147 1290 1367 1336 timentes

220 1359 352 1406 Tum
377 1374 555 1421 rapere,
580 1367 720 1420 atque
742 1373 906 1405 omnes
929 1357 1220 1418 restinguere
1244 1356 1362 1402 velle
1386 1355 1580 1402 videres,

275 1424 462 1492 Incipit
484 1441 544 1471 ex
567 1425 645 1471 illo
667 1433 850 1470 montes
869 1423 1044 1485 Apulia
1068 1432 1202 1469 notos
1272 1444 1276 1446 ·

220 1487 473 1538 Ostentare
498 1490 629 1547 mihi,
653 1506 769 1551 quos
792 1499 937 1536 torret
963 1489 1213 1547 Atabulus,
1237 1497 1284 1534 et
1307 1503 1422 1549 quos

221 1557 478 1620 Nunquam
503 1571 789 1630 erepsemus,
815 1556 904 1602 nisi
931 1572 1017 1602 nos
1040 1555 1195 1601 vicina
1217 1553 1399 1600 Tritici

222 1623 345 1670 Villa
368 1622 638 1684 recepisset,
662 1622 926 1683 lacrymoso
948 1637 1043 1668 non
1067 1621 1169 1668 sine
1191 1620 1333 1678 fumo,

222 1689 352 1736 Udos
375 1704 483 1735 cum
508 1687 629 1741 foliis
651 1703 805 1734 ramos
829 1697 994 1734 urente
1018 1686 1220 1733 camino,

286 1756 504 1805 Quatuor
528 1754 641 1800 hinc
664 1754 869 1816 rapimur
892 1753 1056 1815 viginti
1079 1762 1127 1799 et
1151 1752 1296 1798 millia
1318 1751 1494 1811 rhedis,

224 1819 437 1870 Mansuri
460 1820 682 1882 oppidulo
704 1819 827 1880 quod
852 1834 987 1865 versu
1011 1818 1168 1864 dicere
1194 1834 1287 1866 non
1313 1828 1399 1875 est,

223 1885 385 1949 Signis
407 1885 628 1948 perfacile
653 1895 750 1932 est:
786 1885 912 1931 venit
935 1885 1156 1931 vilissima
1181 1900 1335 1930 rerum

224 1953 322 1999 Hic
346 1967 493 2015 aqua;
529 1952 610 1998 sed
635 1952 769 2013 panis
793 1949 933 2012 longe
959 1951 1318 2013 pulcherrimus,
1346 1947 1464 1996 ultra

142 2058 150 2070 .
223 2018 437 2065 Callidus
461 2024 513 2065 ut
536 2017 682 2064 soleat
707 2017 913 2065 humeris
935 2028 1118 2079 portare
1144 2017 1318 2063 viator:

102 2089 113 2098 “
191 2127 194 2131 ,
223 2084 349 2132 Nam
374 2083 552 2131 Canusi
577 2084 831 2146 lapidosus,
857 2098 987 2144 aquae
1012 2099 1114 2130 non-
1133 2084 1268 2130 ditior
1294 2098 1437 2138 urna;

220 2150 324 2201 Qui
350 2150 480 2197 locus
504 2167 531 2196 a
555 2149 658 2196 forti
684 2149 914 2196 Diomede
938 2158 1009 2196 est
1032 2149 1250 2195 conditus
1273 2149 1398 2195 olim.

226 2216 471 2263 Flentibus
495 2215 574 2262 hic
599 2216 771 2262 Varius
795 2216 996 2262 discedit
1020 2225 1213 2261 moestus
1236 2216 1414 2261 amicis-

290 2281 411 2328 Inde
437 2282 605 2328 Rubos
629 2282 737 2327 fessi
760 2282 1071 2343 pervenimus,
1097 2291 1268 2362 utpote
1280 2282 1470 2342 Ιοηυυῐῃ

226 2348 485 2412 Carpentes
510 2348 611 2405 iter,
634 2357 682 2393 et
706 2347 847 2396 factm
850 2363 880 2392 n
905 2348 1166 2421 corruptius
1192 2347 1342 2393 imbri.

227 2413 418 2461 Postera
441 2422 690 2475 tempestas
714 2414 901 2468 melior3
939 2413 1012 2458 via
1035 2414 1160 2474 pejor
1185 2413 1243 2458 ad
1271 2428 1417 2473 usque

227 2479 335 2526 Bari
362 2480 534 2525 moenia
557 2479 741 2540 piscosi.
812 2478 1000 2524 Dehinc
1023 2478 1214 2536 Gnatia,
1239 2478 1439 2539 lymphis

148 2566 150 2570 ’
227 2545 364 2592 lratis
387 2553 637 2603 exstructa,
662 2544 792 2593 dedit
815 2544 1026 2604 risusque
1047 2543 1270 2604 jocosque
1290 2560 1300 2599 3

227 2610 372 2670 Dum,
397 2610 584 2657 flamma
609 2610 726 2668 sine,
752 2611 888 2656 thura
911 2610 1168 2670 liquescere
1193 2609 1356 2655 limine
1381 2624 1514 2655 sacro

228 2677 516 2724 Persuadere
540 2676 695 2738 cupit:
732 2676 892 2722 credat
915 2674 943 2719 J
950 2675 1111 2720 udaeus
1136 2674 1320 2736 Apella,

227 2741 340 2789 Non
364 2758 478 2816 ego;
516 2756 717 2815 namque
742 2742 855 2787 deos
879 2740 1024 2786 didici
1049 2755 1268 2786 securum
1293 2746 1432 2802 agere
1458 2754 1638 2796 aevum;

229 2807 331 2854 Nec
376 2809 414 2854 si
437 2808 548 2869 quid
573 2808 677 2854 miri
702 2807 842 2853 faciat
866 2815 1047 2863 natura,
1073 2807 1186 2852 deos
1211 2806 1259 2855 id

229 2862 413 2920 Tristes
435 2889 494 2919 ex
516 2873 609 2919 alto
632 2872 739 2919 coeli
763 2868 1008 2919 demittere
1032 2881 1171 2918 tecto.

231 2937 548 2986 Brundusium
574 2938 725 3001 longae
750 2938 856 2984 finis
879 2938 1143 2998 chartaeque
1168 2936 1367 2999 viaeque.

1724 1617 1790 1665 80

1706 2934 1792 2980 100
