1976 3432
761 220 1088 260 CARMINUM
1119 220 1225 259 LIB.
1255 221 1303 259 1..

469 339 562 387 Cui
586 337 715 385 dabit
733 347 889 401 partes
911 339 1064 385 scelus
1086 339 1305 401 expi-andi
1372 350 1384 363 ⁸
1437 398 1439 401 .

469 404 685 467 Jupiter?
720 405 911 450 tandem
935 405 1109 462 venias,
1133 420 1395 467 precamur,

467 470 610 518 Nube
633 469 891 516 candentes
914 471 1131 516 humeros
1154 470 1368 539 amictuS,
1401 473 1574 514 Kame,
1589 490 1608 507 ω

594 576 597 582 ,
728 535 897 608 Augur
922 535 1103 597 Apollo.

472 601 581 648 Sive
603 609 656 648 tu
677 601 838 659 mavis,
864 600 1069 662 Erycina
1091 602 1266 659 ridens,

467 666 630 717 Quam
655 666 800 713 Jocus
822 666 1140 724 circumvolat,
1163 677 1212 713 et
1233 666 1432 729 Cupido.

471 732 581 779 Sive
605 732 871 795 neglectum
895 748 1045 794 genus
1068 742 1115 778 et
1138 742 1330 794 nepotes

731 797 967 870 Respicis,
992 807 1168 858 auctor,

472 862 610 909 Heu!
645 862 787 909 nimis
808 862 948 925 longo
972 864 1135 910 satiate
1159 863 1286 922 ludo,
1420 875 1459 954 33

472 929 635 979 Quem
653 928 781 990 juvat
805 929 994 988 clamor,
1018 930 1255 991 galeaeque
1274 901 1460 1004 leves3·

473 996 600 1041 Acer
622 1002 670 1041 et
692 992 849 1040 Mauri
870 995 1040 1059 peditis
1063 1004 1312 1041 cruentum
1427 1007 1429 1010 ’

731 1059 937 1106 Vultus
925 1076 974 1106 in
999 1060 1205 1109 hostem:

476 1126 585 1172 Sive
608 1125 787 1172 mutate.
806 1125 1026 1187 juvenem
1050 1126 1216 1187 figura,

473 1191 604 1250 Ales,
629 1191 678 1238 in
700 1191 834 1239 terris
848 1191 1066 1251 imitaris,
1091 1192 1224 1237 almae

472 1257 622 1304 Filius
644 1256 803 1315 Maiae,
826 1257 1008 1319 patiens
1030 1257 1184 1303 vocari

734 1322 935 1369 Caesaris
959 1323 1107 1369 ultor:
1135 1342 1206 1366 ,η

475 1388 647 1435 Serus
636 1404 683 1434 m
708 1387 879 1434 coelum
903 1376 1082 1447 redeas,
1106 1339 1278 1449 diuque

472 1454 630 1500 Laetus
652 1454 836 1500 intersis
858 1455 1044 1528 populo
1049 1427 1269 1528 (Quirini-
1258 1490 1270 1511 ,

472 1519 606 1566 Neve
629 1528 675 1566 te
699 1520 866 1566 nostris
890 1521 1010 1566 vitiis
1034 1504 1245 1582 iniquum

732 1584 877 1632 Ocior
900 1601 1013 1633 aura
1271 1529 1315 1650 ll

472 1650 644 1697 Tollat.
714 1650 811 1696 Hic
836 1665 1030 1712 magnos
1052 1647 1207 1713 potius
1229 1650 1504 1712 triumphos,

472 1716 570 1763 Hic
593 1732 720 1762 ames
743 1714 839 1762 dici
860 1716 996 1763 Pater
1020 1727 1156 1778 atque
1181 1717 1430 1778 Princeps:

475 1781 582 1829 Neu
607 1781 733 1828 sinas
757 1777 925 1828 Medos
947 1783 1153 1843 equitare
1178 1782 1365 1842 inultos,
1527 1799 1533 1804 *
1560 1792 1563 1794 ’

731 1845 807 1893 Te
831 1847 968 1907 duce,
994 1848 1167 1894 Caesar.

893 2108 1032 2156 ODE
1066 2108 1160 2155 III.

670 2306 755 2352 Sic
777 2314 823 2351 te
848 2305 953 2351 diva
975 2315 1142 2367 potens
1164 2305 1323 2367 Cypri,

475 2372 557 2419 Sic
580 2371 743 2417 fratres
767 2370 981 2429 Helenae,
1006 2370 1163 2417 lucida
1186 2371 1355 2429 sidera,

667 2437 1018 2497 Ventorumque
1042 2446 1172 2497 regat
1193 2447 1339 2499 pater,

473 2502 725 2550 Obstrictis
748 2502 864 2560 aliis,
888 2511 1052 2563 praeter
1077 2501 1305 2566 Iapyga...

665 2566 827 2625 NaviS,
850 2583 952 2628 quae
976 2567 1059 2613 tibi
1082 2568 1311 2614 creditum

479 2632 638 2680 Debes
660 2604 909 2695 Virgilium
950 2632 1120 2679 finibus
1145 2633 1332 2700 Atticis,

666 2698 862 2745 Reddas
885 2698 1187 2757 incolumem,
1211 2715 1390 2760 precor,

473 2764 536 2812 Et
557 2780 712 2812 serves
734 2764 901 2810 animae
925 2763 1170 2810 dimidium
1194 2780 1325 2813 rneae.

674 2828 750 2875 Illi
773 2829 911 2876 robur
935 2839 982 2875 et
1005 2845 1068 2875 aes
1090 2829 1256 2891 triplex

475 2895 618 2942 Circa
639 2904 802 2957 pectus
820 2902 934 2952 erat,
957 2895 1036 2956 qui
1062 2895 1271 2956 fragilem
1294 2896 1415 2943 truci

673 2959 920 3007 Commisit
942 2959 1106 3022 pelago
1130 2971 1274 3007 ratem

474 3025 675 3084 Primus,
698 3040 789 3072 nec
812 3025 966 3071 timuit
987 3026 1271 3087 praecipitem
1295 3026 1511 3076 Africum

1373 3087 1481 3103 m

671 3089 1003 3137 Decertantem
1029 3091 1356 3153 Aquilo-nibus,

475 3154 584 3202 Nec
605 3155 757 3202 tristes
781 3155 990 3235 HLzfflas,
1015 3172 1104 3202 nec
1127 3155 1303 3203 rabiem
1330 3157 1458 3221 Nm,

1775 404 1841 453 30

226 2224 288 2257 An
311 2224 482 2256 NAvssM
505 2223 605 2259 QUA
626 2222 871 2254 vmmmus
895 2222 1125 2254 ATHENAS
1149 2222 1496 2254 PROFICISCENS
1522 2223 1832 2259 VEHEBATUR.

1789 2897 1848 2946 10
