1936 3450
659 253 999 295 sA'rmARUM
1029 253 1137 294 [ΑΒ.
1167 253 1202 294 1.
1231 254 1270 293 3.
1713 253 1780 304 95

208 372 381 438 Iujussi
405 389 646 436 nunquam
670 374 914 421 desistant.
970 374 1148 421 Sardus
1171 373 1392 434 habebat,

206 439 293 488 Ille
318 439 552 503 Tigellius
577 440 679 486 hoc.
738 439 915 498 Caesar,
938 440 1017 502 qui
1042 456 1211 502 cogere
1234 447 1408 502 posset,
1539 481 1543 488 .

204 506 256 553 Si
280 515 457 569 peteret
479 521 560 568 per
584 506 836 569 amicitiam
861 506 1004 567 patris
1027 514 1164 567 atque
1190 508 1339 563 suam,
1360 520 1455 552 non
1748 503 1782 550 5

202 571 478 633 Quidquam
502 571 773 634 proficeret:
809 571 848 618 si
872 571 1176 630 collibuisset,
1202 571 1261 617 ab
1283 587 1370 617 ovo

205 637 362 699 Usque
387 638 446 692 ad
471 637 592 684 mala
615 637 795 695 citaret,
832 641 860 661 ‘⁶
880 634 934 683 Io
957 637 1196 696 Bacche,''
1222 634 1364 683 modo
1389 634 1575 682 summa

205 703 354 762 Voce,
380 702 519 750 modo
547 704 635 749 hac
658 711 844 749 resonat
865 718 968 764 quae
993 703 1181 749 chordis
1205 711 1401 764 quatuor
1426 703 1535 749 ima.

204 768 286 820 Nil
312 769 487 830 aequale
511 769 689 815 homini
714 769 798 814 fuit
821 768 887 819 illi
910 785 919 814 :
945 767 1078 831 'saepe
1105 769 1230 814 velut
1252 768 1330 830 qui
1573 814 1576 819 ,

204 834 438 881 Currebat
461 835 646 897 fugiens
671 835 879 891 hostem3
915 832 1124 896 persaepe
1151 834 1276 880 velut
1298 833 1378 895 qui
1723 833 1784 880 10

204 899 234 947 J
241 901 406 947 unonis
429 917 562 947 sacra
586 901 749 947 ferret:
788 900 987 946 habebat
1009 897 1133 962 saepe
1159 901 1402 959 ducentos,

207 965 344 1029 Saepe
372 967 536 1013 decom
556 982 738 1013 servos:
774 964 914 1013 modo
939 982 1073 1028 reges
1097 976 1233 1027 atque
1257 966 1530 1024 tetrarchas,

206 1031 383 1079 Omnia
410 1048 579 1094 magna
600 1033 822 1093 loquens3
858 1029 1016 1091 modo,
1043 1036 1071 1055 “
1094 1032 1166 1078 Sit
1189 1032 1303 1078 mihi
1328 1047 1492 1079 mensa
1514 1030 1675 1094 tripeS‚
1698 1039 1747 1078 et

208 1098 407 1145 Concha
431 1099 539 1144 salis
563 1099 682 1160 puri,
707 1107 754 1144 et
777 1108 901 1159 toga,
926 1113 1028 1158 quae
1054 1098 1308 1144 defendere
1335 1098 1498 1160 frigus,

206 1164 441 1215 Quamvis
465 1180 636 1223 crassa,
661 1164 845 1225 queat.’'
885 1163 1059 1210 Decies
1083 1173 1288 1210 centena
1312 1164 1522 1210 dedisses
1723 1164 1785 1211 15

210 1230 338 1276 Huic
362 1246 502 1292 parco
520 1231 683 1292 paucis
705 1240 944 1288 contento,
965 1229 1169 1291 quinque
1193 1229 1359 1276 diebus

209 1295 291 1343 Nil
317 1297 482 1343 eratin
507 1296 699 1343 loculis:
736 1305 898 1342 noctes
921 1296 1141 1358 vigilabat
1165 1296 1223 1355 ad
1249 1296 1401 1358 ipsum

213 1361 388 1419 Mane3
425 1363 549 1409 diem
574 1372 716 1409 totam
743 1362 991 1408 stertebat:
1028 1362 1092 1408 nil
1119 1361 1203 1408 fuit
1220 1377 1434 1424 unquam

211 1429 293 1476 Sic
317 1429 463 1490 impar
488 1428 590 1475 sibi.
649 1427 795 1474 Nunc
819 1427 984 1489 aliquis
1009 1428 1134 1474 dicat
1158 1428 1271 1474 mihi
1290 1427 1500 1478 z-Quid
1524 1429 1609 1475 tu?

210 1494 415 1541 Nullane
442 1495 586 1541 habes
609 1495 720 1541 vitia
736 1493 976 1540 'l—Immo
1001 1494 1107 1553 alia,
1134 1503 1181 1540 et
1205 1494 1397 1541 fortasse
1423 1495 1617 1542 minora.
1717 1494 1784 1542 20

278 1560 481 1611 Maenius
505 1561 746 1607 absentem
771 1559 976 1606 Novium
1001 1576 1144 1621 quum
1169 1570 1380 1622 carperet
1395 1577 1406 1616 ;
1444 1565 1471 1584 “
1492 1561 1627 1608 Heus
1649 1561 1748 1621 tu,''

209 1625 422 1676 Quidam
448 1626 556 1685 ait,’²
595 1627 781 1688 ignoras
805 1626 884 1672 te?
921 1642 980 1671 an
1006 1638 1056 1671 ut
1081 1626 1291 1688 ignotum
1317 1626 1428 1673 dare
1453 1627 1587 1673 nobis

211 1692 366 1757 Verba
391 1702 525 1754 putas
539 1693 588 1738 'Z''
661 1697 687 1716 “
711 1691 912 1753 Egomet
936 1691 999 1737 mi
1024 1691 1264 1753 ignosco‚'’
1291 1690 1498 1739 Maenius
1522 1693 1685 1754 inquit.

215 1758 396 1805 Stultus
420 1766 466 1804 et
490 1758 726 1820 improbus
751 1758 827 1803 hic
852 1773 979 1804 amor
1004 1767 1089 1815 est,
1115 1757 1378 1819 dignusque
1402 1759 1566 1805 notari.

210 1824 376 1874 Quum
400 1834 480 1870 tua
503 1824 744 1886 pervideas
766 1823 915 1869 oculis
938 1822 1060 1869 mala
1085 1823 1236 1885 lippus
1261 1824 1482 1884 inunctis,
1557 1879 1560 1883 Δ
1717 1824 1785 1872 25

211 1889 310 1936 Cur
335 1890 381 1936 in
406 1890 661 1936 amicorum
686 1889 806 1937 vitiis
830 1899 924 1936 tam
949 1889 1103 1935 cernis
1126 1887 1336 1948 acutum,

210 1955 373 2006 Quam
399 1965 478 2002 aut
502 1956 670 2017 aquila,
696 1965 775 2002 aut
799 1971 990 2017 serpens
1014 1954 1330 2017 Epidaurius?
1368 1956 1434 2003 At
1455 1955 1541 2003 tibi
1564 1954 1730 2004 contra

213 2020 400 2080 Evenit,
429 2022 662 2083 inquirant
687 2022 795 2068 vitia
820 2030 870 2067 ut
889 2030 970 2067 tua
993 2037 1153 2071 rursus
1176 2034 1221 2068 et
1250 2020 1395 2068 illi.—

212 2085 487 2135 Iracundior
512 2097 582 2134 est
606 2086 745 2151 paulo
765 2104 774 2134 ε
813 2084 970 2134 minus
994 2088 1304 2150 aptusacutis

212 2152 419 2200 Naribus
444 2155 607 2201 horum
634 2146 893 2200 hominum}
948 2153 1117 2200 Rideri
1141 2153 1301 2216 possit,
1325 2151 1383 2200 eo
1407 2151 1535 2216 quod
1717 2155 1783 2202 30

213 2217 459 2267 Rusticius
483 2229 618 2267 tonso
640 2229 748 2282 toga
771 2219 951 2278 defluit,
975 2228 1022 2266 et
1044 2217 1166 2266 male
1187 2220 1320 2266 laxus

215 2283 270 2331 ln
295 2286 412 2347 pede
436 2286 623 2332 calceus
649 2286 940 2340 haerete-,At
963 2295 1034 2332 est
1059 2286 1225 2344 bonus,
1251 2295 1301 2332 ut
1325 2285 1486 2333 melior
1511 2285 1577 2332 vir

213 2349 324 2397 Non
349 2352 465 2397 alius
488 2352 758 2413 quisquam:
795 2360 840 2398 at
863 2352 946 2398 tibi
970 2351 1177 2398 amicus:
1213 2361 1260 2398 at
1285 2352 1525 2414 ingenium
1550 2351 1718 2414 ingens

215 2414 401 2463 Inculto
424 2417 535 2463 latet
558 2418 646 2464 hoc
672 2418 759 2463 sub
782 2433 987 2479 corpore.
1046 2416 1263 2479 Denique
1287 2427 1334 2464 te
1359 2418 1509 2480 ipsum

214 2481 446 2540 Concute,
472 2499 583 2528 num
608 2499 698 2544 qua
722 2483 805 2528 tibi
830 2483 1043 2529 vitiorum
1069 2483 1288 2530 inseverit
1309 2482 1422 2529 olim
1718 2484 1784 2532 35

215 2546 411 2606 Natura,
437 2559 515 2595 aut
538 2548 679 2594 etiam
703 2549 994 2595 consuetudo
1016 2547 1162 2594 mala:
1200 2564 1401 2610 namque

216 2611 460 2674 Neglectis
486 2615 662 2660 urenda
687 2613 783 2660 filix
806 2614 1063 2660 innascitur
1088 2613 1225 2676 agris.

282 2677 403 2725 Illuc
428 2690 772 2741 praevertamur,
798 2689 1051 2726 amatorem
1075 2677 1201 2741 quod
1226 2678 1389 2726 amicae

216 2742 396 2806 Turpia
421 2746 662 2807 decipiunt
685 2760 864 2792 caecum
891 2745 1017 2804 vitia,
1041 2754 1122 2791 aut
1145 2745 1285 2791 etiam
1312 2745 1411 2808 ipqa
1434 2745 1537 2794 haec

217 2807 492 2867 Delectant3
529 2811 667 2858 veluti
694 2811 943 2857 Balbinum
970 2811 1164 2874 polypus
1189 2810 1388 2874 Hagnae.
1716 2811 1783 2859 40

218 2873 398 2922 Vellem
423 2876 470 2923 in
495 2877 700 2924 amicitia
724 2877 791 2923 sic
814 2893 1093 2935 erraremus,
1115 2886 1163 2923 et
1187 2876 1261 2924 isti
1313 2870 1323 2887 “

220 2937 375 2987 Errori
401 2957 571 2988 nomen
597 2942 740 2989 virtus
763 2943 991 3004 posuisset
1015 2942 1277 2990 honestum.

220 3004 301 3060 At,
326 3016 454 3068 pater
480 3016 530 3053 ut
551 3009 696 3069 gnati,
721 3009 790 3054 sic
815 3025 898 3055 nos
923 3008 1147 3054 debemus
1171 3007 1328 3067 amici,

220 3070 272 3116 Si
297 3073 419 3132 quod
444 3072 503 3118 sit
530 3074 706 3131 vitium,
731 3090 823 3120 non
851 3073 1069 3121 fastidire.
1130 3074 1409 3122 Strabonem

220 3133 439 3197 Appellat
461 3147 630 3199 paetum
654 3148 814 3201 pater3
851 3149 894 3186 et
920 3139 1117 3201 pullum,
1143 3138 1263 3187 male
1288 3155 1457 3203 parvus
1714 3137 1781 3186 45

221 3199 273 3246 Si
297 3202 375 3249 cui
399 3201 519 3249 filius
541 3213 626 3263 est,
653 3213 702 3250 ut
725 3204 958 3252 abortivus
984 3205 1069 3251 fuit
1090 3205 1201 3252 olim
