1936 3450
574 289 984 331 EPIsToLARUM
1013 289 1122 329 LIB.
1153 288 1187 329 1.
1216 289 1280 328 20.

171 412 303 463 Hinc
325 411 416 473 illas
437 409 673 473 lacrymae.
746 411 918 474 Spissis
941 410 1138 473 indigna
1159 407 1353 456 theatris

173 479 359 542 Scripta
379 478 525 542 pudet
547 478 761 537 recitare,
785 486 834 525 et
855 476 995 539 nugis
1018 477 1191 523 addere
1216 475 1418 538 pondus,

172 545 378 594 Sidixi:
403 548 432 569 “
450 543 649 602 Rides,''
676 544 756 603 ait,
781 547 810 567 “
830 553 878 590 et
901 542 1031 590 Jovis
1055 543 1250 589 auribus
1277 541 1368 588 ista

171 613 366 659 Servas:
403 608 509 657 fidis
533 610 659 656 enim
685 626 875 656 manare
898 609 1088 671 poetica
1111 608 1251 656 mella

170 677 248 726 Te
271 677 439 735 solum,
463 676 548 723 tibi
564 676 813 738 pulcher.''
884 676 963 721 Ad
989 676 1092 722 haec
1114 690 1204 736 ego
1228 672 1422 720 naribus
1447 670 1516 718 uti

170 741 422 795 Formido:
457 751 519 799 et,
544 742 765 790 luctantis
788 742 927 788 acuto
949 758 1011 788 ne
1035 756 1168 789 secer
1193 739 1361 802 ungui,

172 813 203 836 “
221 809 451 872 Displicet
474 809 561 855 iste
579 807 742 866 locus,'
750 809 770 828 ’*
786 808 958 867 clamo,
971 816 1028 854 -et
1051 806 1230 853 diludia
1252 820 1409 868 poseo.

170 874 336 924 Ludus
358 874 485 922 enim
509 874 676 937 genuit
698 875 933 936 trepidum
957 883 1198 921 certamen
1221 882 1268 918 et
1291 872 1424 930 iram,

136 944 151 959 ²
171 941 251 990 Ira
270 951 428 990 truces
450 940 725 988 inimicitias
748 950 796 987 et
820 941 1017 1009 funebre
1042 939 1231 996 bellum.

688 1199 1026 1251 EPISTOLA
1061 1195 1178 1250 XX.

690 1319 756 1351 AD
790 1292 983 1353 minium
1015 1301 1163 1351 sunm.

173 1404 508 1454 VERTUMNUM
532 1402 977 1465 Janumquesliber,
1004 1411 1216 1466 spectare
1241 1403 1438 1462 videris;

175 1471 373 1520 Scilicet
398 1480 450 1518 ut
471 1479 651 1533 prostes
675 1470 916 1517 Sosiorum
941 1471 1132 1533 pumice
1157 1470 1376 1518 mundus,

174 1537 332 1585 Odisti
356 1537 511 1583 claves
534 1545 582 1583 et
604 1546 736 1599 grata
759 1536 913 1598 sigilla
934 1536 1137 1599 pudico:

175 1603 348 1651 Paucis
370 1603 554 1650 ostendi
579 1603 745 1665 gemis,
770 1612 818 1649 et
841 1603 1114 1649 communia
1136 1602 1317 1662 laudas,

175 1669 289 1718 Non
316 1669 380 1716 ita
402 1668 620 1715 nutritus.
690 1667 825 1730 Fuge
849 1666 941 1730 quo
967 1668 1258 1715 descendere
1283 1667 1454 1731 gestis:

176 1735 290 1784 Non
314 1735 404 1783 erit
425 1735 598 1781 emisso
620 1734 800 1781 reditus
823 1734 921 1781 tibi.
993 1738 1021 1758 “
1038 1733 1173 1784 Quid
1197 1735 1337 1786 miser
1361 1734 1472 1797 egi'l

173 1802 313 1854 Quid
336 1800 459 1848 volui
477 1801 526 1847 ‘2²’
554 1801 700 1860 diceS,
724 1801 805 1847 ubi
828 1800 940 1862 quid
964 1809 1010 1847 te
1035 1800 1206 1848 laeserit
1231 1816 1243 1859 ;
1284 1796 1353 1848 ‘et
1375 1801 1469 1848 scis

178 1868 237 1915 In
261 1869 399 1915 breve
423 1876 470 1914 te
493 1866 615 1929 cogi,
639 1867 807 1929 plenus
829 1882 973 1929 quum
998 1866 1192 1928 languet
1215 1876 1405 1914 amator.

176 1932 326 1985 Quod
350 1933 389 1980 si
412 1933 640 1980 nonodio
665 1933 907 1995 peccantis
931 1932 1100 1996 desipit
1123 1948 1289 1995 augur,

177 2001 331 2048 Carus
353 1998 445 2047 eris
469 1999 655 2058 Romae,
680 2000 832 2046 donec
856 2010 901 2046 te
926 1998 1111 2045 deserat
1135 2009 1260 2046 aetas.

177 2066 508 2114 Contrectatus
532 2064 612 2111 ubi
636 2065 854 2112 manibus
877 2065 1148 2112 sordescere
1173 2065 1298 2128 vulgi

175 2132 406 2195 Coeperis,
430 2141 511 2179 aut
533 2131 685 2178 tineas
707 2147 872 2194 pasces
895 2131 1158 2178 taciturnus
1183 2132 1373 2191 inertes,

179 2199 282 2246 Aut
305 2198 458 2261 fiigies
476 2198 693 2258 Uticam,
719 2207 799 2244 aut
823 2198 1009 2244 vinctus
1032 2198 1229 2244 mitteris
1253 2197 1472 2245 Ilerdam.
1548 2226 1549 2229 =

178 2264 376 2311 Ridebit
398 2264 596 2312 monitor
622 2280 718 2311 non
741 2264 989 2311 exauditus
1009 2280 1020 2320 ;
1059 2274 1110 2310 ut
1131 2263 1208 2310 ille

176 2329 281 2389 Qui
305 2328 427 2376 male
451 2334 696 2392 parentem
720 2330 768 2377 in
792 2346 932 2393 rupes
954 2331 1176 2392 protrusit
1200 2329 1395 2377 asellum

180 2394 363 2443 Iratus:
397 2396 500 2457 quis
524 2396 652 2442 enim
677 2396 872 2443 invitum
899 2412 1083 2443 servare
1108 2396 1319 2442 laboret?

180 2459 289 2509 Hoc
312 2468 562 2524 quoque'te
586 2471 761 2520 manet,
788 2471 838 2507 ut
858 2478 1029 2524 pueros
1052 2461 1286 2508 elementa
1309 2461 1559 2509 docentem

177 2527 401 2590 Occupet
422 2527 642 2574 extremis
666 2527 714 2573 in
740 2528 854 2573 vicis
879 2527 1015 2574 balba
1038 2537 1272 2574 senec-tus.

177 2593 347 2645 Quum
371 2593 454 2640 tibi
479 2593 546 2640 sol
571 2593 756 2655 tepidus
780 2592 937 2655 plures
961 2593 1217 2639 admoverit
1239 2607 1391 2652 aureS,

183 2657 265 2706 Me
288 2659 506 2706 libertino
529 2668 691 2705 natum
716 2668 862 2722 patre,
887 2668 935 2706 et
958 2658 1006 2705 in
1032 2659 1163 2705 tenui
1187 2674 1237 2705 re

183 2723 386 2787 Majores
408 2741 588 2787 pennas
611 2725 724 2772 nido
747 2724 1032 2783 extendisse,
1057 2724 1287 2786 loqueris3

182 2789 263 2848 Ut,
286 2799 510 2852 quantum
534 2790 696 2853 generi
721 2790 898 2850 demas,
924 2790 1171 2837 virtutibus
1195 2790 1367 2837 addas:

185 2854 268 2902 Me
291 2856 453 2918 primis
476 2855 616 2904 Urbis
642 2855 751 2903 belli
775 2852 1009 2919 placuisse
1034 2856 1270 2918 domique,

184 2920 404 2983 Corporis
426 2921 600 2984 exigui,
624 2932 911 2984 praecanum,
936 2921 1111 2969 solibus
1135 2931 1310 2984 aptum,

186 2985 333 3032 Irasci
356 2985 575 3047 celerem,
599 2996 757 3034 tamen
781 2997 832 3035 ut
852 2987 1098 3050 placabilis
1121 3003 1288 3035 essem.

187 3048 330 3099 Fortia
354 3066 512 3098 meum
536 3052 575 3099 si
597 3052 703 3115 quis
725 3063 772 3101 te
795 3054 1147 3117 percontabitur
1171 3069 1339 3114 aevum,

187 3113 271 3163 Me
295 3126 456 3178 quater
480 3117 693 3165 undenos
715 3119 834 3167 sciat
856 3119 1119 3181 implevisse
1144 3118 1450 3180 DecembrcS,

186 3181 432 3245 collegam
455 3182 688 3295 Lepidgm
710 3200 803 3247 quo
825 3185 960 3232 duxit
981 3185 1160 3233 Lollius
1183 3200 1322 3233 auno.

1653 287 1747 337 169

1695 2000 1753 2048 10

1693 2331 1755 2379 15
