1936 3450
175 236 270 284 124
708 233 1031 281 Q.HORAT11
1059 233 1264 275 FLAccl
1322 255 1333 277 ι

235 355 316 402 An
340 362 391 402 tu
414 353 531 402 reris
552 369 662 401 eum
684 354 844 402 occisa
866 353 1098 401 insanisse
1120 354 1347 416 parente?
1611 390 1623 398 .¹
1665 388 1668 395 ι

236 421 311 467 Ac
334 436 429 468 non
453 418 562 468 ante
587 420 724 467 malis
745 421 1012 467 dementem
1036 429 1194 467 actum
1218 419 1403 480 Furiis,
1413 417 1588 484 quam
1706 420 1799 470 135

233 485 292 533 In
316 487 476 544 matris
494 486 656 549 jugulo
681 482 851 533 ferrum
875 486 1097 548 tepefecit
1119 487 1345 534 acutum?
1401 493 1404 496 ’
1757 492 1762 497 ”

231 551 383 612 Quin,
407 569 466 600 ex
487 569 578 614 quo
601 562 671 599 est
694 552 881 599 habitus
903 549 1026 598 male
1050 561 1163 599 tutae
1186 551 1358 599 mentis
1379 550 1591 613 Orestes,

232 617 314 665 Nil
339 635 453 666 sane
480 619 590 666 fecit
612 619 737 680 quod
757 626 812 665 tu
833 616 1118 680 reprendere
1140 617 1318 680 possis:
1366 642 1369 644 >

231 683 343 731 Non
367 685 575 747 Pyladen
600 684 719 737 ferro
742 684 912 731 violare
936 693 1133 731 aususve
1157 699 1362 732 sororem

231 748 493 798 Electram:
529 749 712 797 tantum
736 749 974 797 maledicit
995 750 1195 811 utrique,
1219 750 1431 798 vocando
1706 749 1800 798 140

233 816 374 863 Hanc
397 817 603 875 Furiam,
629 817 755 863 hunc
778 817 921 875 aliud,
938 815 1079 891 jussit
1101 816 1225 877 quod
1249 816 1495 878 splendida
1516 816 1636 864 bil-is.

231 882 413 945 Pauper
437 882 654 946 Opimius
678 882 858 944 argenti
880 882 1018 944 positi
1042 882 1169 929 intus
1191 890 1240 929 et
1261 882 1378 942 auri,
1597 928 1600 930 .

229 948 332 998 Qui
356 949 672 996 Veientanum
697 949 826 1006 festis
847 957 1007 1010 potare
1031 948 1198 1007 diebus
1229 977 1231 981 .

232 1014 478 1077 Campana
502 1015 662 1062 solitus
685 1004 840 1073 trulla,
865 1029 1151 1076 vappamque
1174 1013 1406 1076 profestis,
1561 1057 1585 1063 ,.

231 1080 490 1131 Quondam
513 1080 724 1143 lethargo
747 1081 913 1143 grandi
936 1080 1008 1126 est
1028 1095 1291 1143 oppressus,
1317 1090 1369 1127 ut
1391 1081 1540 1127 haeres
1706 1081 1799 1128 145

234 1147 263 1193 J
267 1164 342 1193 am
366 1147 546 1193 circum
569 1146 746 1202 loculos
770 1156 817 1193 et
839 1147 993 1193 claves
1016 1147 1151 1202 laetus
1172 1162 1407 1207 ovansque

232 1213 453 1260 Curreret
470 1230 487 1259 :1
516 1214 643 1260 hunc
666 1213 878 1259 medicus
900 1210 1100 1260 multum
1123 1213 1248 1259 celer
1270 1221 1409 1274 atque
1431 1211 1583 1259 fidelis

231 1278 424 1326 Excitat
448 1281 535 1326 hoc
559 1288 723 1342 pacto:
759 1294 970 1325 mensam
994 1278 1103 1340 poni
1125 1278 1273 1340 jubet,
1300 1287 1439 1340 atque

231 1345 422 1393 Effundi
448 1361 610 1392 saccos
633 1361 932 1392 nummorum
952 1361 963 1401 3
999 1345 1227 1392 accedere
1250 1345 1407 1407 plur-es

145 1449 148 1453 .
231 1412 309 1457 Ad
334 1412 705 1458 numerandum:
743 1412 981 1469 hominem
1005 1411 1074 1457 sic
1096 1410 1259 1472 erigit*
1278 1423 1281 1427 “
1303 1410 1455 1457 Addit
1475 1419 1523 1457 et
1546 1410 1688 1457 illud:
1708 1411 1799 1457 150

233 1482 243 1501 ‘
262 1477 328 1523 Ni
352 1487 432 1524 tua
457 1478 678 1536 custodis,
704 1478 866 1524 avidus
884 1476 982 1539 jam
1006 1477 1109 1522 haec
1133 1476 1312 1523 auferet
1336 1477 1514 1523 haeres.'

232 1548 245 1568 ‘
268 1543 397 1590 Men'
425 1543 526 1590 vivo
541 1545 573 1590 'i'
611 1548 622 1567 ⁶
640 1543 709 1591 Ut·
726 1544 851 1590 vivas
875 1543 1031 1605 igitur,
1055 1542 1196 1606 vigila
1212 1558 1242 1589 :2
1258 1543 1347 1589 hoc
1370 1558 1470 1605 age.-

363 1615 373 1634 ‘
390 1609 523 1659 Quid
538 1608 615 1656 ‘vis
628 1611 660 1656 ’ζ’

233 1679 243 1699 ‘
265 1675 501 1722 Deficient
525 1675 711 1738 inopem
736 1690 873 1722 venae-
890 1684 952 1733 te,
978 1675 1026 1722 ni
1051 1675 1184 1721 cibus
1208 1683 1346 1736 atque
1370 1668 1371 1671 ¹

231 1740 408 1804 Ingens
432 1743 627 1788 accedat
649 1743 889 1791 stomacho
915 1741 1087 1788 fultura
1110 1741 1281 1788 ruenti.

232 1806 311 1853 Tu
331 1809 517 1854 cessas‘i
553 1809 769 1870 agedum,
796 1823 928 1854 sume
949 1809 1038 1854 hoc
1060 1806 1364 1869 ptisanariurn
1383 1807 1571 1867 oryzae.’
1706 1807 1799 1854 155

232 1876 243 1897 ‘
264 1873 446 1923 Quanti
470 1883 635 1936 emptae
647 1875 678 1920 ’ζ’
717 1879 729 1898 ‘
747 1874 923 1920 Parvo.'
962 1878 972 1897 ‘
990 1873 1174 1923 Quanti
1197 1888 1309 1935 ergo
1321 1873 1353 1919 ‘l'
1392 1877 1403 1897 ‘
1419 1871 1731 1936 Octussibus?

363 1944 374 1964 ‘
392 1939 529 1986 Eheu
548 1941 558 1986 !

230 2005 363 2055 Quid
387 2005 527 2053 refert
549 2006 711 2053 morbo
735 2022 794 2052 an
820 2005 952 2052 furtis
973 2020 1220 2068 pereamve
1243 2003 1419 2066 rapinis
1433 2005 1465 2050 ’ξ’
1487 2003 1514 2026 ”

232 2071 519 2122 “Quisnam
557 2072 698 2159 igitur
738 2087 880 2118 sanus
899 2073 946 2118 P'
1018 2071 1169 2121 “Qui
1201 2086 1295 2116 non
1329 2070 1508 2121 stultus.
1513 2070 1548 2092 ''*
1611 2070 1798 2122 “Quid

362 2153 556 2184 avarus.
541 2139 590 2174 'P’'
1630 2171 1632 2175 ψ

233 2203 467 2250 “Stultus
490 2212 538 2250 et
559 2195 765 2250 insanus.
771 2203 798 2224 ''
869 2206 897 2228 “
918 2202 1051 2252 Quid
1067 2203 1086 2248 ’ἒ
1122 2202 1159 2248 si
1182 2202 1286 2263 quis
1309 2217 1404 2248 non
1428 2201 1486 2248 sit
1509 2217 1687 2261 avarus.

231 2267 474 2316 Continuc
514 2270 716 2316 sanus'ff
787 2272 816 2293 “
834 2266 1050 2315 Minime.
1055 2269 1082 2290 '²
1166 2272 1194 2293 ‘⁴
1217 2267 1330 2326 Cur,
1373 2268 1596 2315 Stoi’ce‘i'
1667 2271 1696 2293 “
1711 2267 1799 2315 Di-

362 2351 481 2383 cam.
1298 2367 1299 2371 =
1704 2333 1799 2381 160

233 2405 243 2425 ‘
262 2400 372 2448 Non
397 2410 467 2447 est
490 2401 765 2459 cardiacus,'
794 2401 1042 2447 Craterum
1066 2400 1237 2446 dixisse
1261 2407 1438 2462 putato,

233 2471 244 2491 ‘
263 2467 359 2513 Hic
384 2469 535 2529 aeger.'
597 2472 607 2491 ‘
627 2466 782 2513 Recte
808 2463 879 2513 est
903 2467 1059 2528 igitur,
1084 2475 1334 2528 surgatque
1347 2467 1380 2512 'l'
1451 2463 1677 2528 Negabst,

231 2530 380 2581 Quod
403 2532 525 2580 latus
544 2542 624 2580 aut
645 2549 783 2581 renes
807 2533 970 2580 morbo
989 2541 1229 2579 tententur
1253 2540 1405 2577 acuto.
1628 2553 1630 2555 ·

232 2597 280 2643 N
283 2615 344 2645 on
368 2608 438 2645 est
461 2599 690 2661 perjurus,
715 2614 866 2660 neque
891 2598 1130 2654 sordidus;
1167 2597 1375 2644 immolet
1398 2595 1541 2656 aequis

233 2663 328 2709 Hic
352 2680 544 2725 porcum
570 2665 796 2711 Laribus:
832 2662 991 2711 verum
1018 2663 1290 2717 ambitiosus
1312 2671 1360 2708 et
1382 2662 1563 2717 audax;
1701 2662 1797 2709 165

232 2728 437 2791 Naviget
461 2730 764 2792 Anticyram:
799 2730 911 2791 quid
937 2729 1063 2775 enim
1087 2728 1258 2785 differt,
1285 2728 1562 2774 barathrone

233 2794 394 2840 Dones
417 2795 640 2856 quidquid
666 2796 826 2855 habes,
851 2812 911 2842 an
934 2810 1174 2856 nunquam
1199 2803 1329 2840 utare
1351 2794 1556 2854 paratis?

234 2860 424 2906 Servius
447 2858 681 2921 Oppidius
704 2861 884 2908 Canusi
908 2861 1002 2908 duo
1024 2859 1215 2922 praedia,
1241 2859 1370 2905 dives

233 2925 443 2986 Antiquo
467 2941 629 2984 censu,
653 2927 807 2987 gnatis
831 2925 1003 2973 divisse
1027 2926 1210 2972 duobus
1685 2963 1688 2966 .

233 2991 420 3050 Fertur,
444 2999 491 3038 et
515 2991 619 3037 haecv
640 2992 843 3037 moriens
866 2992 1024 3054 pueris
1047 2990 1219 3036 dixisse
1243 2990 1418 3036 vocatis
1703 2989 1796 3037 170

234 3057 313 3103 Ad
337 3056 538 3103 lectum:
575 3061 586 3081 ‘
608 3056 857 3117 Postquam
883 3067 928 3103 te
952 3056 1084 3114 talos,
1109 3056 1250 3114 Aule,
1275 3070 1515 3117 nucesque
1739 3076 1741 3078 ·

234 3121 377 3168 Ferre
401 3123 507 3169 sinu
530 3122 649 3180 laxo,
674 3122 847 3169 donare
871 3131 918 3168 et
940 3121 1102 3167 ludere
1126 3121 1220 3167 vidi
1241 3138 1250 3177 ;

232 3186 324 3249 Te,
350 3187 531 3249 Tiberi,
555 3203 819 3247 numerare,
839 3187 965 3234 cavis
988 3187 1277 3246 abscondere
1300 3187 1505 3244 tristem;

1925 2284 1936 2655 ffmflv2a-2.⁴—-—-u
1928 2167 1936 2275 -..tun—m-
1932 2149 1936 2154 .
1930 2134 1933 2139 -
1928 2095 1936 2121 ἠ

1931 3014 1936 3020 -
1917 2954 1936 3000 ἔξω
