1936 3450
458 591 538 667 Q.
602 550 1072 694 HoRATn
1146 535 1551 649 FLAe'cr

648 807 1365 873 EPISTOLARUM
1430 790 1434 794 ’
1517 779 1519 782 ’

781 1006 955 1048 LIBER
996 1005 1240 1048 PRIMUS.

799 1385 1136 1436 EPISTOLA
1170 1385 1213 1433 Ι,

783 1501 850 1534 An
874 1501 1218 1534 MAECENATEM.

252 1587 422 1638 ΡηιΜΑ
444 1588 570 1637 dicte
593 1587 729 1648 mihi,
751 1586 936 1634 summa
958 1586 1160 1634 dicende
1184 1583 1434 1645 Camoena,

253 1657 528 1719 Spectatum
552 1652 683 1715 satis,
705 1662 752 1702 et
774 1654 999 1701 donatum
1019 1653 1116 1716 jam
1139 1652 1273 1711 rude,
1295 1651 1479 1713 quaeris,

253 1721 511 1781 MaecenaS,
536 1723 705 1770 iterum
731 1719 922 1781 antiquo
945 1734 1021 1766 me
1045 1718 1286 1766 includere
1309 1717 1435 1765 ludo.

252 1787 302 1834 N
305 1805 367 1835 on
391 1789 557 1835 eadem
577 1795 648 1835 est
671 1795 798 1846 aetas,
823 1802 920 1833 non
943 1801 1092 1832 mens.
1160 1783 1406 1846 VejaniuS,
1429 1782 1570 1833 armis

254 1853 478 1901 Herculis
502 1855 562 1902 ad
585 1862 766 1917 postem
789 1852 909 1911 fixis,
933 1851 1046 1898 latet
1069 1850 1255 1899 abditus
1279 1865 1393 1912 agro
1432 1891 1434 1893 .
1789 1848 1826 1897 5

252 1919 330 1967 Ne
353 1921 577 1983 populum
601 1917 815 1967 extrema
838 1918 976 1965 toties
998 1925 1158 1964 exoret
1180 1915 1336 1963 arena.

253 1985 340 2034 Est
363 1987 478 2033 mihi
501 1994 746 2049 purgatam
771 1982 937 2031 crebro
961 1984 1042 2046 qui
1062 1988 1285 2046 personet
1309 1997 1499 2028 aurem:

254 2056 283 2077 “
302 2053 440 2099 Solve
465 2060 790 2099 senescentem
814 2047 997 2097 mature
1023 2065 1164 2095 sanus
1186 2063 1378 2110 equum,
1402 2063 1463 2094 ne

253 2118 430 2165 Peccet
454 2119 514 2165 ad
537 2127 801 2165 extremum
824 2116 1068 2175 ridendus,
1090 2123 1138 2161 et
1160 2114 1239 2162 ilia
1262 2113 1449 2159 ducat.''

251 2184 401 2231 Nunc
424 2184 581 2246 itaque
604 2192 651 2231 et
674 2198 835 2229 versus
858 2190 905 2228 et
927 2189 1096 2227 caetera
1119 2179 1303 2226 ludicra
1325 2194 1477 2241 pono:
1763 2177 1827 2225 10

251 2250 388 2302 Quid
422 2266 583 2296 verum
621 2258 759 2311 atque
794 2248 971 2294 decens
1005 2262 1119 2292 curo
1153 2253 1215 2295 et.
1234 2260 1363 2308 rogo,
1386 2253 1433 2291 et
1461 2243 1616 2293 omnis
1649 2242 1699 2290 in
1733 2243 1825 2291 hoc

385 2331 517 2362 sum:

252 2382 421 2429 Condo
443 2391 491 2428 et
513 2396 743 2443 compono
760 2395 862 2441 quae
886 2394 994 2427 mox
1017 2378 1289 2440 depromere
1312 2375 1499 2439 possim.

252 2449 346 2507 Ac,
369 2464 430 2494 ne
455 2445 572 2495 forte
597 2462 733 2509 roges
755 2462 846 2507 quo
869 2461 944 2491 me
968 2445 1106 2503 duce,
1129 2459 1220 2505 quo
1242 2442 1339 2489 lare
1362 2451 1485 2489 tuter
1504 2457 1514 2489 ε

251 2513 443 2560 Nullius
467 2513 684 2560 addictus
703 2512 859 2574 jurare
883 2511 932 2557 in
951 2510 1090 2557 verba
1113 2508 1340 2572 magistri,

249 2578 367 2629 Quo
392 2595 467 2626 me
490 2594 678 2641 cunque
702 2578 821 2641 rapit
843 2586 1113 2639 tempestas,
1135 2575 1317 2622 deferor
1340 2574 1521 2636 hospes.
1764 2571 1825 2619 15

253 2645 403 2692 Nunc
426 2646 562 2708 agilis
585 2645 662 2703 fio,
687 2653 734 2691 et
757 2659 932 2690 mersor
956 2642 1171 2689 civilibus
1193 2641 1351 2700 undis,

252 2711 453 2757 Virtutis
477 2727 596 2758 verae
621 2719 795 2776 custos,
819 2708 1088 2771 rigidusque
1113 2706 1322 2753 satelles:

253 2774 401 2823 Nunc
424 2777 473 2823 in
498 2776 726 2838 Aristippi
750 2775 907 2822 furtim
933 2781 1166 2836 praecepta
1190 2771 1389 2830 relabor,

253 2840 316 2888 Et
338 2842 453 2888 mihi
477 2858 567 2901 res,
591 2857 686 2888 non
710 2857 786 2887 me
809 2840 948 2887 rebus
971 2838 1243 2886 submittere
1267 2851 1423 2883 conor.

253 2907 318 2954 Ut
340 2923 433 2964 ηοξ(
456 2907 598 2969 longa
619 2907 788 2968 quibus
811 2906 961 2953 somni
983 2913 1090 2968 p'ars
1113 2902 1257 2961 nulla,
1280 2902 1472 2963 diesque
1758 2900 1825 2948 20

254 2972 420 3034 Longa
443 2973 623 3019 videtur
646 2988 763 3033 opus
788 2972 1068 3018 debentibus
1088 2987 1098 3026 ;
1135 2977 1187 3015 ut
1208 2968 1339 3030 piger
1363 2982 1516 3013 annus

254 3038 450 3101 Pupillis
473 3054 588 3099 quos
612 3038 728 3083 dura
750 3037 919 3098 premit
942 3035 1155 3083 custodia
1177 3041 1404 3080 matrum:

258 3105 340 3151 Sic
364 3104 479 3151 mihi
502 3103 635 3150 tarda
658 3101 809 3148 fluunt
832 3102 1104 3163 ingrataque
1127 3110 1352 3162 tempora,
1376 3113 1478 3160 quae
1502 3112 1629 3160 spem

258 3170 614 3230 Consiliumque
638 3176 877 3215 morantur
901 3166 1072 3229 agendi
1096 3165 1306 3227 gnaviter
1329 3165 1378 3211 id
1395 3164 1518 3225 quod

258 3233 415 3297 AEque
440 3234 724 3298 pauperibus
747 3233 952 3296 prodest,
975 3230 1284 3294 locupletibus
1308 3228 1461 3291 aeque,
1756 3226 1823 3274 25
