1976 3432
711 264 762 311 Q.
793 261 1035 303 HORATII
1065 259 1270 302 FLACCI

429 383 644 432 Nubium
668 391 872 431 tractus:
907 399 1012 446 ego,
1037 382 1136 445 apis
1159 380 1356 428 Matinae

825 449 960 496 More
985 449 1232 509 modoque,

429 517 576 564 Grata
599 516 835 579 carpentis
858 516 1018 577 thyma
1040 531 1122 577 per
1146 514 1354 567 laborem

431 582 710 641 Plurimum,
735 582 863 629 circa
887 597 1056 628 nemus
1079 580 1300 642 uvidique

432 648 628 696 Tiburis
651 649 774 712 ripas
797 664 991 710 operosa
1014 663 1185 709 parvus

825 714 1049 762 Carmina
1073 713 1212 775 fingo.

431 781 672 829 Concines
697 779 870 843 majore
893 783 1033 842 poeta
1053 779 1232 842 plectro

432 848 687 907 Caesarem‚
711 847 990 909 quandoque
1013 846 1166 892 trahet
1191 845 1369 891 feroces

432 914 523 961 Per
541 929 729 960 sacrum
753 913 941 971 clivum,
965 912 1132 959 merita
1156 912 1356 959 decorus

826 977 1031 1037 Fronde,
1058 976 1352 1034 Sicambros;

430 1046 546 1097 Quo
569 1046 685 1093 nihil
710 1044 862 1107 majus
886 1045 1108 1091 meliusve
1132 1043 1267 1090 terris

434 1112 554 1160 Fata
577 1110 828 1171 donavere,
854 1111 1055 1172 bonique
1079 1110 1189 1169 divi,

433 1178 542 1227 Nec
566 1179 761 1237 dabunt,
785 1177 996 1239 quamvis
1019 1176 1214 1224 redeant
1237 1175 1286 1222 in
1311 1189 1476 1221 aurum

828 1243 1067 1304 Tempora
1090 1242 1310 1304 priscum.

434 1311 674 1358 Concines
698 1311 920 1372 laetosque
943 1309 1044 1356 dies
1061 1318 1110 1355 et
1131 1308 1270 1355 Urbis

435 1378 685 1425 Publicum
709 1377 890 1434 ludum,
915 1391 1053 1438 super
1078 1374 1324 1438 impetrato

436 1443 591 1490 Fortis
615 1442 821 1504 Augusti
844 1442 1013 1500 reditu,
1039 1441 1281 1502 forumque

827 1508 1012 1555 Litibus
1034 1507 1214 1554 orbum.

435 1575 564 1623 Tum
589 1590 706 1622 meae
735 1572 796 1637 (si
819 1574 934 1636 quid·
955 1573 1115 1635 loquar
1138 1571 1451 1637 audiendum)

433 1642 580 1690 Vocis
604 1642 801 1688 accedet
825 1641 948 1687 bona
970 1656 1103 1702 pars3
1139 1647 1203 1700 et,
1225 1656 1254 1686 o
1278 1637 1358 1685 Sol

436 1707 667 1756 Pulcher!
703 1724 733 1754 o
754 1706 1016 1754 laudande!
1053 1721 1239 1765 canam,
1262 1710 1452 1766 recepto

362 1780 364 1782 ’
827 1772 1015 1819 Caesare
1038 1771 1163 1819 felix.

434 1840 608 1902 Tuque
632 1840 744 1886 dum
769 1839 1000 1901 procedis,
1025 1837 1129 1884 “Io
1151 1837 1385 1899 triumphe
1401 1835 1445 1882 !'’

435 1906 547 1954 Non
571 1906 714 1953 semel
739 1906 968 1963 dicemus,
994 1907 1022 1928 “
1041 1903 1095 1950 Io
1119 1902 1354 1965 triumphe
1369 1902 1414 1950 !''
1514 1900 1517 1907 ⁸

437 1973 616 2022 Civitas
638 1971 808 2030 omniS,
834 1970 1140 2031 dabimusque
1164 1969 1282 2015 divis

829 2035 997 2083 Thura
1019 2035 1250 2098 benigniS.

404 2138 405 2144 η
437 2104 514 2152 Te
537 2105 705 2152 decem
729 2102 850 2150 tauri
873 2102 1161 2164 totidemque
1185 2116 1359 2160 vaccae,

438 2169 521 2218 Me
544 2179 677 2217 tener
702 2170 847 2216 solvet
868 2168 1055 2227 vitulus,
1080 2167 1244 2214 relicta

437 2235 610 2296 Matre,
633 2236 712 2297 qui
736 2235 877 2298 largis
895 2233 1160 2297 juvenescit
1183 2232 1341 2279 herbis

832 2301 890 2348 In
915 2316 1021 2347 mea
1043 2307 1163 2358 vota,

438 2367 616 2415 Fronte
639 2375 855 2417 curvatos
878 2366 1084 2415 imitatus
1107 2366 1241 2427 ignes

441 2433 661 2482 Tertium
687 2433 836 2480 Lunae
861 2431 1111 2481 referentis
1133 2440 1305 2489 ortum,

438 2500 556 2551 Qua
579 2509 738 2547 notam
765 2499 898 2546 duxit
919 2499 1084 2545 niveus
1108 2497 1273 2556 videri,

833 2565 1019 2612 Caetera
1042 2563 1207 2610 fulvus.

878 2825 1019 2875 ODE
1051 2825 1120 2874 ΙΙ.

779 2942 845 2974 ΑΙ)
869 2939 1229 2974 ΜΕΒΡΟΜΕΝΕΝ.

639 3025 800 3076 QUEM
823 3034 890 3084 tu,
916 3024 1230 3087 Melpomene,
1254 3019 1398 3069 semel

383 3092 671 3141 Nascentem
695 3092 881 3154 placido
905 3090 1083 3137 lumine
1107 3088 1292 3147 videris,

644 3156 786 3204 Illum
811 3172 906 3204 non
930 3155 1057 3203 labor
1082 3154 1308 3201 Isthmius

382 3224 594 3277 Clarabit
615 3224 839 3287 pugilem,
863 3239 958 3269 non
982 3235 1130 3284 equus
1153 3219 1352 3283 impiger
