1936 3450
1252 137 1265 158 Ι

169 230 239 298 ‘56
600 229 609 241 ²
717 244 766 292 Q.
798 242 1039 284 HonA'rn
1064 240 1271 282 FLAcm

241 365 497 428 Sisyphus:
533 364 662 411 hunc
685 363 882 422 Varum,
903 362 1108 410 distortis
1131 361 1345 408 cruribus
1365 377 1376 418 3
1413 359 1543 408 illum

243 431 452 478 Balbutit
476 431 726 488 Scaurum,
750 428 904 491 pravis
930 429 1094 475 fultum
1121 425 1243 474 male
1269 426 1388 473 talis.
1448 468 1451 470 .

243 494 437 544 Parcius
462 497 537 542 hic
563 496 701 543 vivit?
737 495 859 557 frugi
884 495 1094 540 dicatur:
1132 494 1318 554 ineptus

241 563 302 609 Et
321 563 569 625 jactantior
594 562 671 608 hic
695 559 836 624 paulo
861 561 963 606 est?
999 560 1262 606 concinnus
1286 558 1451 604 amicis

240 629 449 675 Postulat
472 638 523 674 ut
546 628 757 673 videatur
779 643 789 673 ε
825 636 871 673 at
887 637 964 672 'est
987 625 1309 682 truculentior,
1334 634 1471 684 atque

241 692 354 742 Plus
379 710 512 755 aequo
534 693 682 739 libe-r?
717 693 914 754 simplex
939 692 1157 752 fortisque
1184 690 1443 736 habeatur.‘

241 760 432 807 Caldior
456 760 562 806 est?
599 775 731 805 acres
755 758 876 804 inter
900 767 1198 803 numeretur:
1233 756 1415 818 opinor,

242 826 363 872 Haec
387 842 461 872 res
485 835 532 871 et
550 825 722 887 jungit,
743 823 932 886 junctos
956 832 1003 869 et
1026 832 1176 869 servat
1201 822 1390 868 amicos.

242 893 309 939 At
333 908 417 938 nos
441 891 633 938 virtutes
655 891 776 952 ipsas
801 889 1089 946 invertimus,
1114 897 1251 950 atque
1509 926 1512 929 .

242 959 491 1015 Sincerum
517 956 734 1018 cupimus
760 972 838 1002 vas
862 956 1135 1001 incrustare.
1199 952 1375 1000 Probus
1398 951 1501 1013 quis

240 1024 504 1070 Nobiscum
529 1023 666 1078 vivit3
705 1019 902 1068 multum
928 1030 999 1067 est
1022 1020 1252 1067 demissus
1277 1020 1443 1065 homo:
1478 1017 1541 1064 illi
1592 1029 1594 1031 ’

238 1090 403 1137 Tardo
427 1105 690 1150 cognomen
714 1087 878 1150 pingui
905 1087 1096 1133 damus:
1134 1086 1210 1132 hic
1236 1085 1354 1147 fugit
1376 1099 1540 1130 omnes

239 1155 460 1214 Insidias,
486 1155 692 1216 nullique
717 1155 839 1201 malo
861 1153 981 1200 latus
1003 1151 1132 1199 obdit
1157 1162 1384 1213 apertum,

238 1222 405 1272 Quum
431 1237 582 1283 genus
607 1222 696 1267 hoc
721 1221 843 1267 inter
866 1220 970 1265 vitae
995 1227 1218 1275 versetur,
1245 1217 1323 1262 ubi
1349 1215 1469 1263 acris

241 1287 428 1334 Invidia
451 1297 588 1348 atque
613 1287 771 1348 vigent
795 1285 875 1331 ubi
900 1285 1127 1337 crimina;
1163 1300 1247 1346 pro
1272 1284 1391 1329 bene
1418 1298 1533 1328 sano

240 1356 316 1400 Ac
342 1369 436 1400 non
462 1353 670 1411 incauto,
696 1352 855 1398 fictum
881 1360 1178 1411 astutumque
1203 1364 1439 1395 vocamus.¹

241 1419 507 1482 Simplicior
530 1419 650 1480 quis,
675 1428 722 1465 et
744 1427 815 1464 est
837 1418 1019 1479 qualem
1047 1432 1119 1462 me
1144 1413 1267 1477 saept}
1293 1415 1492 1460 libenter

239 1485 507 1533 Obtulerim
533 1485 635 1543 tibi,
661 1484 918 1542 Maecenas,
944 1492 994 1529 ut
1018 1479 1134 1528 forte
1160 1481 1394 1543 legentem
1554 1532 1558 1533 ⁷

241 1554 340 1599 Aut
364 1551 557 1600 tacitum
584 1550 791 1613 impellat
813 1550 975 1612 quovis
998 1549 1250 1595 sermone?
1286 1552 1313 1571 “
1337 1545 1595 1592 Molestus!

240 1618 496 1665 Communi
522 1633 662 1664 sensu
687 1613 827 1679 plane
853 1615 1029 1673 caret‚'’
1057 1613 1306 1675 inquimus.
1365 1611 1533 1658 Eheu!

239 1684 403 1735 Quam
428 1682 607 1730 temere
634 1684 680 1730 in
707 1688 891 1746 nosmet
911 1682 1062 1744 legem
1088 1679 1327 1726 sancimus
1354 1677 1587 1740 iniquam!

241 1750 367 1797 Nam
392 1751 514 1797 vitiis
538 1766 677 1797 nemo
701 1750 803 1795 sine
828 1748 1037 1795 nascitur
1057 1763 1067 1792 :
1103 1745 1307 1808 optimus
1330 1745 1406 1791 ille
1430 1754 1501 1790 est

241 1817 342 1867 Qui
369 1817 577 1863 minimis
604 1825 807 1878 urgetur.
875 1814 1075 1860 Amicus
1099 1811 1267 1870 dulcis,
1289 1820 1337 1857 ut
1362 1825 1544 1871 aequum
1569 1816 1658 1868 est,

240 1883 407 1933 Quum
434 1899 535 1930 mea
563 1890 835 1943 compenset
860 1880 983 1926 vitiis
1010 1880 1145 1936 bona,
1169 1877 1380 1940 pluribus
1405 1877 1552 1935 hisce,

243 1950 293 1996 Si
321 1950 460 1996 modo
485 1949 618 2011 plura
642 1947 755 1994 mihi
782 1948 905 1993 bona
927 1955 1051 2003 sunt,
1079 1944 1302 1991 inclinet:
1340 1941 1485 1989 amari

244 2016 296 2061 Si
322 2016 443 2062 volet
468 2016 556 2062 hac
584 2015 705 2076 lege,
732 2014 779 2060 in
805 2012 980 2059 trutina
1004 2020 1203 2074 ponetur
1226 2010 1408 2056 eadem.

242 2081 343 2131 Qui
369 2097 428 2128 ne
452 2081 696 2128 tuberibus
718 2079 915 2141 propriis
938 2077 1145 2124 offendat
1169 2075 1374 2122 amicum

243 2143 470 2205 Postulat,
496 2147 708 2209 ignoscet
732 2144 938 2191 verrucis
962 2143 1112 2189 illius:
1150 2156 1332 2203 aequum
1358 2148 1428 2186 est

243 2213 459 2260 Peccatis
482 2212 663 2259 veniam
690 2219 960 2274 poscentem
986 2208 1182 2254 reddere
1206 2222 1401 2253 rursus·
1480 2209 1481 2212 ’

308 2278 543 2340 Denique,
567 2279 800 2340 quatenus
824 2275 978 2322 excidi
1003 2270 1193 2337 penitus
1216 2272 1377 2319 vitium
1404 2271 1502 2328 irae,

243 2345 428 2391 Caetera
452 2345 563 2391 item
590 2351 831 2405 nequeunt
854 2341 1006 2388 stultis
1031 2339 1280 2386 haerentia:
1318 2354 1402 2384 cur
1425 2353 1520 2384 non

246 2410 537 2457 Ponderibus
561 2409 852 2470 modulisque
877 2408 973 2453 suis
996 2406 1113 2452 ratio
1137 2405 1295 2462 utitur,
1321 2420 1376 2450 ac
1401 2419 1474 2450 res

243 2476 306 2524 Ut
328 2492 523 2538 quaeque
547 2486 633 2534 est,
659 2476 720 2521 ita
746 2473 986 2536 suppliciis
1009 2472 1177 2518 delicta
1205 2470 1426 2517 coercet?

243 2541 296 2587 Si
321 2543 424 2604 quis
448 2558 556 2589 eum
580 2557 783 2598 servum,
807 2540 1014 2602 patinam
1039 2537 1117 2599 qui
1142 2537 1301 2583 tollere
1320 2536 1478 2598 jussus

245 2610 465 2654 Semesos
488 2608 642 2669 pisces
665 2607 968 2668 tepidumque
993 2602 1246 2666 ligurrierit
1265 2602 1357 2664 jus,

244 2673 302 2719 In
327 2690 468 2720 cruce
493 2673 693 2736 suffigat,
720 2672 940 2718 Labeone
966 2669 1171 2717 insanior
1198 2669 1316 2714 inter

245 2741 397 2786 Sanos
420 2739 618 2785 dicatur.
675 2735 874 2788 Quanto
901 2738 988 2783 hoc
1013 2733 1230 2781 furiosius
1253 2734 1390 2793 afque

244 2804 401 2866 Majus
424 2816 669 2866 peccatum
694 2804 789 2850 est!
850 2800 1048 2849 Paulum
1074 2799 1265 2860 deliquit
1289 2796 1469 2844 amicus

247 2869 415 2933 (Quod
441 2870 530 2916 nisi
556 2870 807 2927 concedas,
832 2868 1034 2915 habeare
1054 2864 1281 2927 insuavis)
1300 2879 1312 2920 ;
1350 2862 1550 2909 acerbus

244 2935 419 2993 Odisti,
443 2943 491 2981 et
514 2935 651 2995 fugis,
677 2945 727 2980 ut
750 2934 1015 2980 Drusonem
1041 2930 1221 2978 debitor
1246 2929 1366 2987 aeris,

243 3001 363 3060 Qui,
388 3000 495 3055 nisi,
519 3016 661 3061 quum
687 2999 841 3046 tristes
865 2999 1035 3045 misero
1058 2995 1229 3043 venere
1254 2994 1498 3052 Kalendae,

248 3067 520 3115 Mercedem
545 3075 624 3112 aut
648 3081 864 3112 nummos
887 3064 1013 3110 unde
1041 3063 1164 3108 unde
1189 3062 1399 3119 extricat,
1426 3073 1606 3107 amaras

249 3134 470 3180 Porrecto
489 3130 652 3194 jugulo
678 3130 906 3187 historias,
931 3129 1139 3191 captivus
1164 3136 1231 3185 ut,
1256 3126 1398 3173 audit.

248 3199 541 3246 Comrninxit
563 3198 736 3244 lectum
761 3206 913 3258 potus,
939 3194 1157 3241 mensave
1182 3193 1388 3239 catillum

1749 1841 1816 1921 ro

1753 2203 1818 2250 75
