1936 3450
174 238 265 286 16⁰
692 237 763 285 2Q.
791 210 1033 278 nonu-11
1060 238 1266 279 FLAccr

235 354 317 403 Me
341 364 554 403 constare
578 356 693 404 mihi
717 357 825 417 scis,
849 366 897 405 et
919 357 1163 405 discedere
1186 357 1384 418 tristem,

231 421 631 484 Quandoounque
654 424 846 470 trahunt
868 423 1017 470 invisa
1039 424 1230 486 negotia
1251 423 1469 471 Romam.

233 487 346 534 Non
370 489 535 535 eadem
562 489 811 547 miramur3
847 487 906 536 eo
927 489 1222 552 disconvenit
1244 490 1365 536 inter

233 552 407 615 Meque
431 563 478 601 et
500 563 573 601 te:
609 570 736 613 nam,
759 570 862 616 quae
887 555 1140 608 desertaet
1162 555 1395 618 inhospita
1417 563 1581 617 tesqua

232 618 417 678 Credis,
443 636 627 669 amoena
649 630 784 668 vocat
806 636 996 668 mecumv
1017 620 1095 682 qui
1119 620 1276 679 sentit,
1301 630 1349 670 et
1369 621 1469 668 odit
1730 619 1798 671 20

235 686 361 736 Quae
385 696 436 733 tu
458 685 653 747 pulchra
675 694 824 747 putaS.
894 685 1070 734 Fornix
1092 686 1177 732 tibi
1200 695 1249 733 et
1271 695 1416 733 uncta
1434 686 1609 750 popina

232 752 480 800 Incutiunt
502 752 631 797 urbis
654 752 953 810 desiderium,
979 751 1136 808 video3
1173 761 1220 799 et
1239 749 1367 813 quod
1395 783 1404 788 ν

237 819 453 880 Angulus
477 817 565 863 iste
591 817 706 863 feret
729 817 860 879 piper
882 826 930 864 et
952 818 1061 864 thus
1083 815 1218 864 ocius
1242 818 1359 875 uvfi3

231 885 280 932 N
284 899 339 930 ec
364 881 519 929 vicina
542 883 716 941 subest,
741 883 902 944 vinum
924 883 1131 944 praebere
1155 883 1350 930 taberna

230 950 356 1001 Quae
380 949 524 1011 possit
546 949 629 994 tibi
649 965 660 1004 ;
696 964 787 994 nec
811 948 1030 995 meretrix
1052 949 1263 1008 tibicina,
1287 948 1422 1012 cujus
1504 998 1507 1004 ,
1732 949 1799 998 25

159 1059 164 1069 ,
231 1017 311 1063 Ad
335 1015 575 1076 strepitum
602 1014 739 1060 salias
761 1023 894 1060 terrae
914 1015 1080 1076 gravis.
1149 1014 1212 1061 Et
1233 1025 1390 1062 tamen
1415 1030 1555 1078 urges

231 1082 260 1128 J
265 1081 521 1143 ampridem
547 1096 642 1126 non
666 1089 791 1126 tacta
812 1080 1049 1142 ligonibus
1072 1097 1195 1139 arva,
1220 1081 1476 1143 bovemque

231 1147 534 1210 Disjunctum
560 1162 713 1204 curas,
739 1156 787 1192 et
810 1146 983 1192 strictis
1007 1145 1248 1194 frondibus
1267 1147 1450 1209 exples:

231 1214 383 1260 Addit
404 1229 521 1274 opus
543 1212 677 1274 pigro
702 1211 842 1269 rivus,
867 1211 905 1257 si
930 1211 1108 1258 decidit
1131 1212 1295 1271 imber,

231 1279 385 1326 Multa
409 1279 530 1325 mole
555 1278 797 1325 docendus
820 1277 977 1339 aprico
998 1293 1191 1340 parcere
1213 1286 1359 1340 prato.
1733 1279 1799 1328 30

297 1345 458 1403 Nunc,
480 1360 582 1406 age,
606 1344 718 1405 quid
743 1352 950 1390 nostrum
975 1352 1258 1390 concentum
1283 1344 1473 1404 dividat,
1496 1345 1623 1393 audi,

230 1411 392 1461 Quem
416 1419 582 1456 tenues
606 1408 811 1456 decuere
835 1419 956 1471 togae
981 1410 1209 1471 nitidique
1233 1410 1407 1471 capilli,

230 1477 394 1527 Quem
418 1475 542 1522 nosti
566 1475 777 1521 bibulum
800 1475 958 1522 media
982 1475 1040 1521 de
1064 1475 1169 1524 luce
1194 1475 1400 1535 Falerni,

232 1543 382 1589 Coena
406 1542 556 1589 brevis
575 1541 719 1604 juvat,
745 1550 791 1588 et
813 1557 955 1604 prope
979 1542 1128 1587 rivum
1151 1557 1343 1588 somnus
1367 1542 1416 1588 in
1441 1541 1614 1590 herba:

231 1608 340 1655 Nec
364 1610 530 1655 lusisse
553 1608 714 1670 pudet,
741 1608 822 1653 sed
848 1622 942 1654 non
967 1607 1177 1654 incidere
1199 1607 1377 1654 ludum.
1734 1608 1800 1656 35

230 1675 342 1722 Non
367 1675 507 1722 isthic
530 1673 718 1735 obliquo
739 1673 878 1720 oculo
900 1689 1006 1719 mea
1029 1675 1277 1720 commoda
1299 1673 1542 1735 quisquam
1782 1675 1783 1678 ’

231 1741 413 1798 Limat3
451 1757 545 1787 non
570 1741 678 1787 odio
700 1739 900 1786 obscuro
922 1754 1171 1801 morsuque
1195 1748 1408 1786 venenat.

232 1807 415 1854 Rident
438 1806 578 1853 vicini
602 1806 761 1867 glebas
785 1815 831 1851 et
853 1821 969 1851 saxa
992 1814 1270 1852 moventem.
1315 1828 1319 1830 *

232 1873 356 1919 Cum
382 1873 525 1919 servis
549 1872 728 1917 urbana
752 1871 901 1917 diaria
923 1871 1087 1917 rodere
1110 1871 1256 1917 mavis
1276 1887 1287 1927 3

233 1938 418 1986 Horum
441 1948 492 1984 tu
516 1938 564 1984 in
589 1951 834 1983 numerum
861 1946 965 1984 voto
989 1937 1098 1982 ruis.
1168 1935 1356 1983 Invidet
1378 1952 1516 2000 usum
1734 1935 1800 1985 40

232 2004 492 2066 Lignorum
515 2012 563 2050 et
584 2002 766 2065 pecoris
790 2002 874 2048 tibi
898 2002 1000 2050 calo
1024 2013 1215 2064 argutus
1237 2013 1284 2048 et
1307 2002 1441 2049 horti.
1515 2019 1537 2033 r

232 2070 379 2133 Optat
402 2070 618 2132 ephippia
643 2069 724 2115 bos
746 2068 903 2130 piger;
938 2076 1066 2130 optat
1092 2083 1221 2114 arare
1245 2068 1467 2114 caballus.

230 2135 393 2186 Quam
417 2136 506 2182 scit
528 2143 738 2196 uterque,
762 2134 928 2192 libenS,
953 2134 1174 2193 censebo,
1200 2141 1417 2180 exerceat
1441 2141 1601 2180 artem.

731 2394 1069 2442 EPISTOLA
1103 2395 1215 2442 XV.

699 2507 766 2541 AD
790 2509 826 2541 N
828 2510 969 2542 UMON
973 2509 1065 2541 IUM
1087 2507 1267 2539 VALAM.

228 2595 379 2645 QUAE
405 2594 464 2640 sit
488 2594 639 2640 hiems
663 2593 827 2651 Veliae,
851 2593 975 2653 quod
999 2591 1186 2651 coelum,
1212 2590 1347 2649 Vasa,
1374 2591 1574 2652 Salerni,

229 2661 449 2710 Quorum
475 2659 718 2705 hominum
743 2658 888 2720 regio,
911 2667 959 2704 et
982 2657 1130 2718 qualis
1148 2658 1222 2703 via
1243 2673 1252 2702 :
1292 2655 1423 2717 (nam
1447 2657 1563 2704 mihi
1586 2656 1728 2705 Baias

231 2725 371 2771 Musa
392 2740 703 2786 supervacuas
727 2724 982 2781 Antonius,
1006 2732 1053 2769 et
1075 2731 1233 2769 tamen
1258 2722 1348 2779 illis

230 2790 313 2836 Me
339 2790 448 2835 facit
472 2790 690 2847 invisum,
715 2789 871 2851 gelida
893 2804 1036 2850 quum
1060 2788 1246 2849 perluor
1270 2786 1399 2833 unda

230 2857 319 2903 Per
345 2855 552 2901 medium
579 2855 750 2915 frigus:
788 2852 902 2900 sane
928 2862 1124 2914 myrteta
1147 2852 1363 2913 relinqui,
1766 2854 1800 2902 5

231 2922 465 2981 Dictaque
490 2930 751 2965 cessantem
777 2919 931 2966 nervis
954 2919 1126 2965 elidere
1151 2920 1365 2964 morbum

233 2987 468 3048 Sulphura
490 2985 744 3042 contemni,
770 2985 899 3030 vicus
923 2984 1085 3045 gemit,
1110 2983 1293 3030 invidus
1317 2983 1452 3045 aegris

230 3053 333 3102 Qui
358 3060 498 3113 caput
520 3059 568 3096 et
591 3050 880 3095 stomachum
906 3064 1165 3110 supponere
1191 3048 1394 3095 fontibus
1418 3049 1593 3097 audent

233 3118 458 3175 Clusinis,
483 3115 749 3175 Gabiosque
773 3123 937 3176 petunt
959 3123 1006 3160 et
1030 3114 1193 3175 frigida
1217 3130 1351 3162 rura:

234 3183 494 3230 Mutandus
516 3182 649 3229 locus
672 3189 757 3240 est,
781 3189 829 3227 et
851 3179 1101 3227 diversoria
1125 3188 1234 3226 nota
1737 3179 1799 3227 lo
