1976 3432
204 258 275 306 48

745 261 797 308 Q.
826 259 1066 301 HORATII
1094 258 1299 301 FLAcm

913 444 1052 493 ODE
1074 445 1139 493 Χ.

847 536 922 592 ἵΜ)
945 548 1196 592 ROMANos.

469 641 728 690 Hnnmm
750 642 858 703 ritu,
890 639 1031 690 modo
1056 643 1226 703 dictus,
1249 659 1279 691 0
1300 643 1453 707 plebS,

470 706 625 756 Morte
650 709 860 756 venalem
883 709 1073 772 petiisse
1096 709 1296 770 laurum,

469 773 629 850 Caesar
653 774 869 838 Hispana
891 775 1059 837 repetit
1081 774 1286 822 Penates

860 840 1024 887 Victor
1048 841 1108 887 ab
1128 857 1224 888 ora.

468 905 625 954 Unico
646 907 858 969 gaudens
880 906 1047 953 mulier
1069 907 1236 954 marito

467 971 686 1033 Prodeat,
705 971 843 1035 justis
863 981 1054 1035 operata
1077 973 1222 1031 divis,
1210 989 1220 1000 ·

470 1037 533 1085 Et
555 1054 682 1086 soror
705 1039 820 1085 clari
844 1038 1010 1085 ducis:
1045 1047 1092 1085 et
1115 1039 1297 1086 decorae

863 1104 1086 1178 Supplice
1110 1105 1224 1152 vitta

471 1169 724 1233 Virginum
746 1179 917 1217 matres
935 1170 1253 1233 juvenumque
1277 1186 1430 1233 nuper

474 1236 726 1299 Sospitum.
796 1237 911 1296 Vos,
934 1251 964 1283 o
985 1237 1135 1299 pueri,
1159 1246 1206 1284 et
1228 1237 1395 1299 puellae

472 1300 502 1348 J
507 1318 582 1349 am
604 1302 755 1349 virum
778 1275 995 1365 expeitae‚
1021 1301 1144 1349 male
1169 1302 1389 1350 ominatis

863 1368 1049 1415 Parcite
1073 1369 1238 1415 verbis.

419 1458 421 1461 ·
474 1433 572 1480 Hic
595 1434 695 1481 dies
718 1432 827 1481 vere
853 1435 968 1482 mihi
992 1434 1135 1481 festus
1159 1445 1281 1482 atras

472 1499 661 1547 Eximet
684 1516 848 1547 curas:
884 1516 972 1563 ego
997 1516 1086 1547 nec
1109 1500 1377 1559 tumultum,

472 1565 580 1613 Nec
603 1566 723 1613 mori
745 1582 828 1630 per
850 1566 942 1613 vim
967 1575 1189 1626 metuam,
1213 1575 1404 1613 tenente

866 1632 1054 1679 Caesare
1077 1642 1236 1680 terras,

477 1695 520 1757 I,
544 1706 653 1760 pete
676 1707 988 1761 unguentum,
1011 1715 1144 1762 puer,
1167 1707 1214 1745 et
1237 1714 1453 1759 coronas,

472 1763 536 1811 Et
559 1764 730 1811 cadum
755 1763 900 1811 Marsi
925 1780 1178 1812 memorem
1203 1764 1361 1824 duelli,

477 1830 756 1907 Spartacum
779 1831 819 1877 si
841 1846 933 1892 qua
956 1831 1104 1892 potuit
1127 1840 1374 1893 vagantem

867 1896 1050 1943 Fallere
1075 1905 1205 1943 testa.

475 1961 570 2010 Dic
592 1970 640 2009 et
663 1970 838 2024 argutas
861 1971 1076 2024 properet
1098 1961 1282 2009 Neaerae

476 2026 776 2089 Myrrhinum
799 2028 924 2075 nodo
946 2028 1165 2075 cohibere
1190 2028 1397 2075 crinem:

478 2094 531 2141 Si
552 2109 636 2157 per
660 2094 859 2141 invisum
882 2109 1012 2141 mora
1029 2093 1277 2156 janitorem

869 2159 991 2219 Fiet,
1017 2160 1153 2207 abito.

477 2224 618 2272 Lenit
640 2225 887 2273 albescens
911 2227 1093 2273 animos
1117 2224 1311 2288 capillus

477 2290 655 2338 Litium
679 2300 726 2338 et
748 2291 859 2338 rixae
883 2292 1080 2354 cupidos
1102 2301 1352 2354 protervae:

478 2356 591 2404 Non
614 2373 703 2420 ego
726 2358 815 2404 hoc
840 2358 1024 2417 ferrem,
1049 2358 1229 2404 calidus
1248 2355 1457 2419 juventii,

872 2424 1080 2471 Consule
1104 2423 1294 2477 Planco.

1168 2576 1283 2584 m..—

901 2684 1041 2732 ODE
1063 2684 1154 2732 XI.

821 2799 886 2831 AD
921 2798 1264 2831 MAECENATEM.

483 2882 741 2930 INGLusAM
765 2882 968 2929 Danaen
991 2881 1131 2929 turris
1154 2882 1350 2941 ahenea,

482 2949 803 3010 Robustaeque
828 2949 964 3006 foreS,
988 2956 1036 2994 et
1059 2946 1249 3008 vigilum
1274 2962 1447 2994 canum

484 3015 664 3061 Tristes
687 3013 914 3071 excubiae,
940 3012 1207 3058 munierant
1230 3010 1342 3059 satis

744 3078 1002 3125 Nocturnis
1026 3078 1085 3124 ab
1108 3078 1358 3134 adulteris3

485 3145 538 3193 Si
560 3161 655 3192 non
679 3144 933 3201 Acrisium,
957 3143 1150 3205 virginis
1173 3144 1341 3190 abditae

484 3209 743 3258 Custodem
765 3209 1002 3272 pavidum,
1027 3208 1208 3271 Jupiter
1231 3219 1279 3255 et
1300 3209 1465 3257 Venus

1784 1235 1845 1285 10

1785 1565 1846 1613 15
