1936 3450
230 260 328 314 172
482 238 484 243 ’
763 260 814 306 Q
844 259 983 300 HOR
978 261 1085 300 x'rn
1113 260 1319 301 FLAcci

290 376 603 439 Pulchraque‚
627 386 674 424 et
691 379 867 425 exactis
890 377 1136 428 minimum
1161 379 1396 439 distantia,
1419 380 1574 430 miror.

292 442 422 490 Inter
446 459 549 504 quae
573 444 764 490 verbum
788 445 981 503 emicuit
1003 446 1041 492 si
1066 443 1181 492 forte
1206 446 1447 507 decorum,
1467 455 1518 495 et

293 509 345 554 Si
369 525 528 555 versus
550 500 692 571 paulo
717 510 994 557 concinnior
1017 527 1139 558 unus
1156 519 1202 557 et
1226 510 1356 570 alter,
1391 524 1400 530 ²
1474 526 1476 529 ·

291 573 473 636 Injuste
499 584 644 621 totum
673 575 803 622 ducit
825 577 1075 638 venditque
1098 579 1279 639 poema.
1698 612 1700 618 >
1779 573 1857 625 ‘75

291 639 519 702 Indignor
543 640 792 701 quidquam
817 642 1112 703 reprehendi,
1137 658 1230 688 non
1248 642 1364 716 quia
1385 636 1544 689 crasse

291 705 611 767 Compositum
636 705 890 768 illepideve
903 716 1106 768 putetur,
1131 708 1212 753 sed
1228 707 1345 768 quia
1366 722 1551 771 nuper,

291 770 398 818 Nec
422 772 605 817 veniam
631 773 846 833 antiquis,
871 773 955 819 sed
979 774 1200 819 honorem
1227 782 1274 819 et
1295 774 1490 834 praemia
1507 774 1651 838 posci.

292 834 447 883 Recte
474 853 625 883 necne
651 853 839 884 crocum
865 838 1091 900 floresque
1115 838 1406 912 perambulet
1429 840 1554 894 Attae
1654 892 1655 895 Ἰ
1796 879 1798 882 ,

292 902 474 949 Fabula
497 903 536 948 si
561 903 786 961 dubitem,
811 904 1016 951 clament
1038 905 1229 966 periisse
1253 904 1477 966 pudorem
1522 928 1525 929 ⁷
1669 961 1675 966 ἢ
1697 922 1718 964 ἢ
1739 938 1741 942 «
1791 902 1867 959 ffl'

292 968 497 1015 Cuncti
490 984 614 1042 pene
641 977 809 1029 patreS,
832 985 889 1015 ea
912 986 1062 1030 quum
1078 970 1420 1031 reprehendere
1443 986 1584 1017 coner

290 1033 416 1083 Quae
441 1034 592 1096 gravis
618 1034 840 1096 AEsopus,
863 1051 964 1109 quae
989 1036 1153 1081 doctus
1181 1035 1386 1082 Roscius
1407 1035 1531 1097 egit:

291 1099 381 1146 Vel
404 1100 513 1160 quia
536 1100 599 1145 nil
627 1109 823 1159 rectum,
848 1101 939 1147 nisi
962 1102 1082 1162 quod
1107 1101 1282 1162 placuit
1306 1101 1408 1169 sibi,
1433 1102 1640 1160 ducunt;

291 1165 380 1211 Vel
405 1165 513 1226 quia
537 1174 683 1226 turpe
694 1140 858 1228 putaiit
880 1183 1041 1228 parere
1065 1163 1345 1225 minoribus
1364 1176 1426 1226 et,
1450 1183 1561 1229 quae

291 1229 496 1277 Imberbi
518 1229 743 1290 didicere,
769 1249 905 1279 senes
927 1233 1166 1294 perdenda
1191 1232 1335 1278 fateri.
1763 1278 1765 1283 χ
1793 1231 1860 1280 85

292 1296 322 1341 J
326 1313 397 1342 am
426 1297 602 1343 Saliare
628 1297 798 1344 Numae
823 1314 1011 1344 carmen
1037 1298 1114 1359 qui
1138 1298 1312 1356 laudat,
1336 1307 1383 1345 et
1406 1280 1520 1344 illud

291 1362 435 1412 Quod
461 1379 647 1408 mecum
672 1363 857 1424 ignorat
877 1364 1003 1410 solus
1027 1364 1122 1410 vult
1145 1364 1264 1410 scire
1290 1337 1451 1423 videri,

292 1426 504 1490 Ingeniis
527 1445 622 1474 non
647 1429 722 1475 ille
748 1429 868 1475 favet
889 1421 1160 1491 plauditque
1184 1430 1394 1491 sepultis,

292 1493 466 1540 Nostra
491 1495 571 1539 sed
597 1494 856 1556 impugnat,
881 1512 966 1543 nos
990 1506 1238 1570 nostraque
1261 1495 1429 1541 lividus
1452 1496 1564 1544 odit.

290 1558 437 1609 Quod
464 1561 502 1606 si
526 1569 619 1606 tam
644 1561 799 1606 Graiis
822 1562 1001 1609 novitas
1025 1561 1172 1607 invisa
1196 1561 1361 1607 suisset
1402 1561 1405 1563 “
1785 1561 1861 1609 -90

291 1624 453 1675 Quam
478 1625 627 1684 nobis,
652 1626 762 1687 quid
787 1643 915 1672 nunc
938 1637 1063 1673 esset
1087 1627 1249 1673 vetus‘?
1285 1635 1365 1673 aut
1387 1627 1497 1688 quid
1523 1626 1714 1674 haberet
1758 1660 1760 1662 v
1833 1654 1838 1660 ·

292 1691 437 1741 Quod
461 1692 636 1753 legeret
658 1701 917 1766 tereretque
942 1692 1109 1739 viritim
1128 1693 1352 1754 publicus
1376 1693 1520 1739 usus?
1553 1736 1556 1739 Α

357 1757 421 1803 Ut
444 1756 653 1830 prim-um
669 1758 829 1819 positis
852 1759 1019 1820 nugari
1042 1758 1228 1804 Graecia
1255 1753 1388 1804 bellis

292 1822 464 1884 Coepit,
489 1832 536 1869 et
559 1823 608 1869 in
633 1824 794 1869 vitium
817 1824 1006 1875 fortuna
1029 1812 1172 1885 labier
1198 1839 1346 1885 aequa,

291 1888 436 1935 Nunc
461 1889 738 1935 athletarum
764 1890 946 1948 studiis,
969 1899 1098 1935 nunc
1122 1890 1233 1936 arsit
1255 1904 1509 1950 equorum;
1697 1918 1700 1923 ,
1793 1888 1859 1936 95

292 1953 542 2000 Marmoris
566 1963 645 2000 aut
668 1955 820 2002 eboris
844 1955 996 2002 fabros
1021 1964 1100 2001 aut
1125 1955 1227 2001 aeris
1251 1955 1421 2001 amavit
1435 1972 1447 2012 ;

294 2020 549 2081 Suspendit
572 2020 699 2081 picta
724 2022 900 2067 vultum
925 2030 1222 2082 mentemque
1246 2020 1444 2078 tabell&

292 2085 439 2133 Nunc
463 2086 751 2144 tibicinibus,
777 2102 905 2132 nunc
930 2097 999 2133 est
1022 2087 1178 2148 gavisa
1202 2087 1450 2147 tragoedis:

294 2152 393 2196 Sub
417 2153 600 2199 nutrice
623 2151 778 2212 puella
801 2152 926 2198 velut
948 2152 986 2197 si
1010 2152 1192 2198 luderet
1217 2152 1386 2210 infans,

291 2216 436 2266 Quod
461 2214 632 2277 cupide
653 2217 802 2278 petiit,
827 2215 1008 2263 mature
1033 2217 1174 2278 plena
1198 2217 1395 2277 reliquit.
1575 2216 1578 2217 ⁷
1769 2217 1862 2265 10⁰

291 2282 424 2340 Quid
449 2282 602 2343 placet
625 2290 704 2328 aut
727 2283 834 2329 odio
858 2292 943 2340 est,
968 2283 1090 2345 quod
1115 2299 1209 2328 non
1234 2281 1456 2329 mutabile
1480 2280 1708 2331 credas&

292 2347 401 2394 Hoc
423 2363 564 2409 paces
587 2346 793 2393 habuere
819 2349 951 2395 bonae
976 2348 1192 2409 ventique
1216 2346 1428 2397 secundi.

358 2414 526 2460 Romae
551 2413 688 2459 dulce
712 2414 793 2460 diu
818 2414 903 2460 fuit
927 2423 972 2460 et
997 2414 1204 2460 solemne
1229 2412 1412 2459 reclusa⁴
1484 2422 1491 2437 ³

292 2476 439 2525 Mane
466 2479 603 2526 domo
626 2479 832 2540 vigilare,
857 2478 1018 2525 clienti
1042 2495 1255 2541 promere
1275 2479 1398 2540 jura,

294 2545 469 2590 Cautos
493 2545 761 2603 nominibus
784 2546 924 2592 rectis
942 2545 1206 2607 expendere
1230 2560 1463 2604 nummos,
1690 2589 1695 2593 ,
1766 2546 1859 2593 105

293 2609 498 2671 Majores
522 2610 700 2669 audire,
726 2610 895 2657 minori
920 2611 1076 2657 dicere
1099 2626 1180 2671 per
1204 2625 1306 2670 quae

294 2675 519 2721 Crescere
543 2691 617 2721 res
639 2685 809 2737 posset,
835 2675 983 2722 minui
1008 2676 1231 2737 damnosa
1254 2675 1410 2721 libido.

294 2740 494 2786 Mutavit
518 2750 724 2787 mentem
747 2742 946 2803 populus
970 2741 1098 2798 levis,
1122 2749 1168 2786 et
1191 2740 1314 2786 calet
1339 2756 1432 2786 uno

295 2806 542 2851 Scribendi
567 2807 748 2853 studio:
785 2806 1006 2868 puerique
1029 2816 1275 2867 patresque
1300 2804 1446 2851 severi

293 2870 480 2916 Fronde
505 2886 662 2917 comas
686 2872 829 2918 vincti
853 2881 1043 2918 coenant
1066 2880 1112 2917 et
1136 2871 1344 2917 carmina
1367 2870 1560 2917 dictant.
1763 2871 1862 2920 11⁰

294 2934 402 2997 Ipse
426 2951 528 2997 ego,
552 2936 631 2995 qui
656 2938 806 2983 nullos
830 2954 904 2984 me
929 2936 1107 2983 affirmo
1131 2936 1333 2982 scribere
1358 2951 1535 2996 versus,

294 3001 513 3047 Invenior
539 3001 722 3047 Parthis
746 3003 1043 3058 mendacior3
1079 3010 1140 3059 et,
1166 2999 1293 3062 prius
1316 3010 1416 3047 orto

297 3067 421 3125 Sole,
448 3067 553 3128 vigil
578 3068 810 3113 calamum
835 3077 882 3114 et
905 3069 1090 3113 chartas
1113 3076 1159 3113 et
1183 3067 1355 3112 scrinia
1381 3082 1537 3128 posco.

293 3132 477 3180 Navem
503 3148 640 3194 agere
665 3133 857 3194 ignarus
880 3133 1011 3178 navis
1033 3132 1192 3189 timet3
1230 3131 1506 3195 abrotonum
1532 3146 1655 3193 aegro
1749 3177 1754 3182 .

294 3196 409 3245 Non
433 3198 589 3259 audet,
612 3198 701 3245 nisi
724 3198 803 3260 qui
827 3198 1007 3257 didicit,
1032 3198 1169 3255 dare3
1205 3198 1328 3260 quod
1352 3197 1642 3244 medicorum
1666 3203 1740 3244 est
