1976 3432
749 229 800 275 Q.
829 199 1070 269 nonna
1099 228 1304 270 FLAccr

823 448 825 451 Α
881 400 1036 475 ὀΒΕ
1063 413 1156 463 111.

804 494 870 559 An
894 513 1250 560 ΜΛΕΟΕῙκτΑΊἚιὶιῐ.Υ

402 611 656 658 ΡΑΒΕΝΤιε
680 611 791 658 olim
815 612 853 658 si
877 613 980 673 quis
1004 613 1146 675 impia
1173 629 1315 660 manu

601 677 760 723 Senile
779 686 937 738 guttur
961 678 1164 740 fregerit,

402 743 527 790 Edat
549 743 718 789 cicutis
742 742 902 789 allium
927 745 1189 790 nocentius.

598 807 644 854 O
668 809 786 861 dura
808 825 1069 856 messorum
1094 810 1172 856 ilia
1189 810 1206 865 l·

400 875 534 926 Quid
560 875 650 920 hoc
674 875 844 920 veneni
868 876 998 921 saevit
1021 876 1069 921 in
1093 874 1397 937 praecordiis?

599 939 730 985 Num
755 941 991 1002 viperinus
1016 941 1087 987 his
1110 957 1246 988 cruor

404 1005 628 1053 Incoctus
653 1005 809 1052 herbis
833 1022 908 1052 me
934 1007 1130 1053 fefellit?
1166 1023 1225 1053 an
1251 1006 1398 1054 malas

601 1071 802 1117 Canidia
827 1073 1040 1119 tractavit
1064 1073 1239 1135 dapes?

404 1137 469 1184 Ut
492 1137 794 1199 Argonautas
816 1147 981 1211 praeter
1005 1155 1169 1185 omnes
1193 1138 1448 1185 candidum

602 1201 777 1249 Medea
799 1200 964 1258 mirata
986 1214 1056 1250 est
1080 1205 1267 1263 ducem,

405 1262 575 1331 Ignota
598 1268 744 1314 tauris
767 1269 1088 1331 illigaturum
1072 1285 1201 1331 juga,

602 1334 827 1381 Perunxit
851 1336 940 1381 hoc
964 1334 993 1380 J
998 1351 1216 1382 asonem

405 1400 514 1448 Hoc
537 1399 756 1446 delibutis
780 1400 876 1447 ulta
901 1401 1034 1447 donis
1057 1401 1288 1463 pellicem,

602 1467 831 1529 Serpente
856 1466 974 1528 fugit
997 1467 1117 1513 alite.

404 1530 512 1578 Nec
534 1541 692 1579 tantus
717 1548 921 1593 unquam
945 1532 1150 1579 siderum
1175 1532 1346 1579 insedit
1367 1547 1507 1594 vapor

603 1598 866 1644 Siticulosae
891 1597 1105 1660 Apuliae3

404 1662 513 1710 Nec
537 1679 710 1709 munus
735 1664 942 1710 humeris
965 1664 1171 1711 efficacis
1195 1662 1418 1711 Herculis

604 1728 778 1776 Inarsit
802 1728 1060 1778 aestuosius.

900 1989 1038 2067 ODE
1073 1988 1159 2037 IV.

811 2112 815 2116 ⁴
897 2104 953 2135 IN
975 2104 1172 2135 MENAM.

408 2189 560 2237 Lm²1s
584 2197 631 2235 et
654 2187 788 2251 agnis
810 2196 985 2249 quanta
1008 2183 1168 2234 sortito
1192 2186 1373 2250 obtigit,

603 2254 792 2300 Tecum
818 2253 932 2299 mihi
956 2252 1190 2299 discordia
1214 2262 1300 2313 est,

406 2320 604 2367 Ibericis
626 2328 812 2381 peruste
837 2318 1025 2364 funibus
1048 2318 1184 2377 latus,

607 2385 669 2432 Et
692 2401 830 2431 crura
852 2385 970 2431 dura
994 2384 1234 2446 compede.

410 2450 550 2499 Licet
573 2451 802 2513 superbus
826 2450 1035 2496 ambules
1057 2449 1278 2512 pecunia,

605 2516 815 2563 Fortuna
838 2532 933 2563 non
958 2524 1103 2562 mutat
1128 2531 1292 2577 genus.

407 2583 634 2641 Videsne,
660 2597 837 2631 sacram
864 2582 1085 2637 metiente
1108 2590 1154 2627 te
1180 2581 1298 2627 viam

605 2650 727 2696 Cum
748 2648 818 2693 bis
841 2655 909 2694 ter
933 2647 1146 2693 ulnarum
1171 2647 1298 2708 toga,

407 2713 472 2760 Ut
493 2730 575 2760 ora
597 2722 745 2759 vertat
765 2714 858 2759 huc
877 2722 924 2759 et
948 2713 1041 2758 huc
1065 2712 1279 2758 euntium

607 2779 867 2824 Liber-rima
891 2777 1184 2840 indignatio?

413 2844 584 2890 Sectus
607 2843 802 2905 flagellis
826 2844 904 2890 hic
927 2842 1336 2903 Triumviralibus,

607 2908 843 2955 Praeconis
867 2909 923 2954 ad
951 2905 1203 2967 fastidium,

413 2974 532 3021 Arat
555 2973 745 3019 Falerni
771 2974 897 3019 mille
922 2974 1053 3019 fundi
1072 2973 1253 3035 jugera,

608 3039 669 3085 Et
696 3039 897 3100 Appiam
922 3038 1105 3084 mannis
1129 3038 1260 3085 terit:

413 3105 739 3165 sedilibusque
764 3120 961 3165 magnus
985 3104 1031 3149 in
1055 3103 1216 3165 primis
1239 3119 1395 3165 eques,

609 3170 798 3217 Othone
822 3178 1104 3231 contempto,
1129 3170 1272 3216 sedet.

1787 1171 1974 1251 10

1787 1531 1847 1579 15

1787 2776 1848 2826 10

1783 3096 1848 3135 w
