1976 3432
740 231 791 279 Q.
820 229 1062 276 HORATII
1089 229 1295 274 FLACCI

363 350 551 400 Cuncta
574 366 742 398 manus
765 350 924 398 avidas
947 351 1129 414 fugient
1152 353 1369 414 haerediS,
1384 354 1544 403 amico

717 415 845 467 Quae
870 417 1054 465 dederis
1077 418 1248 466 animo.

358 482 528 534 Quum
551 481 695 530 semel
718 483 966 543 occideriS,
989 493 1036 531 et
1059 483 1118 531 de
1142 493 1189 531 te
1212 483 1458 548 splendida
1480 483 1641 534 Minos

716 546 905 596 Fecerit
927 549 1131 610 arbitria,

357 614 488 675 Non,
504 608 769 704 Torquate,
792 631 960 677 genu&
983 632 1078 662 non
1101 588 1147 663 t’e
1172 615 1407 678 facundia,
1430 633 1527 665 non
1548 625 1597 665 te

718 679 964 727 Restituet
979 681 1142 744 pietas.

360 744 566 793 Infernis
588 761 742 808 neque
765 747 892 794 enim
917 747 1123 794 tenebris
1145 745 1303 796 Diana
1322 748 1552 812 pudicum

717 812 907 860 Liberat
931 813 1238 876 Hippolytum
1258 830 1268 862 :

358 876 464 926 Nec
486 877 679 925 Lethaea
701 878 822 925 valet
844 878 1063 926 Theseus
1087 880 1362 944 abrumpere
1385 896 1497 929 caro

718 944 926 1001 Vincula
948 945 1170 994 Pirithoo.

868 1206 1007 1254 ODE
1041 1207 1155 1256 VII.

798 1321 866 1354 AD
878 1302 1228 1357 CEN'SORINUM.

458 1406 716 1455 DONAREM
738 1414 923 1469 pateras
945 1415 1170 1470 grataque
1194 1408 1486 1470 commodus,

459 1473 738 1532 Censorine,
763 1473 880 1520 meis
905 1489 997 1520 aera
1019 1474 1274 1534 sodalibus,

456 1534 695 1586 Donarem
719 1539 941 1602 tripodas,
963 1540 1154 1602 praem'ia
1178 1539 1364 1598 fortium

456 1606 733 1663 Graiorum3
769 1621 921 1666 neque
945 1615 995 1652 tu
1018 1606 1220 1668 pessima
1242 1621 1491 1654 munerum

458 1670 643 1731 Ferres,
669 1672 810 1718 divite
834 1688 909 1718 me
933 1671 1114 1719 scilicet
1137 1672 1304 1719 artium

457 1737 595 1788 Quas
619 1746 699 1784 aut
722 1737 997 1785 Parrhasius
1020 1738 1224 1800 protulit,
1251 1747 1332 1786 aut
1355 1739 1536 1802 Scopas
1554 1755 1566 1797 ;

460 1804 556 1851 Hic
581 1820 706 1863 saxo,
731 1804 918 1865 liquidis
942 1804 1018 1851 ille
1043 1804 1278 1865 coloribus

459 1870 615 1917 Solers
638 1886 767 1917 nunc
792 1870 1029 1917 hominem
1053 1886 1244 1932 ponere,
1269 1886 1399 1917 nunc
1423 1871 1590 1919 deum:

459 1937 555 1982 Sed
580 1952 674 1982 non
701 1937 802 1982 haec
826 1935 940 1998 mihi
965 1936 1047 1994 vis,
1083 1951 1173 1982 nec
1196 1936 1279 1983 tibi
1299 1937 1462 1983 talium

457 2001 558 2048 Res
581 2010 652 2048 est
675 2011 754 2048 aut
778 2003 962 2048 animus
985 2002 1257 2048 deliciarum
1283 2018 1442 2064 egens,

456 2068 648 2115 Gaudes
671 2068 980 2115 carminibus:
1016 2068 1226 2114 carmina
1249 2084 1496 2130 possumus

457 2132 663 2193 Donare,
683 2143 730 2181 et
751 2135 950 2197 pretium
976 2134 1132 2181 dicere
1158 2133 1353 2180 muneri.

458 2199 568 2247 Non
593 2201 742 2246 incisa
766 2201 888 2247 notis
914 2216 1142 2246 marmora
1164 2200 1380 2262 publicis,

457 2265 547 2312 Per
570 2281 673 2327 quae
697 2266 883 2329 spiritus
907 2275 954 2312 et
973 2266 1064 2312 vita
1086 2266 1206 2313 redit
1231 2265 1363 2313 bonis

456 2331 568 2379 Post
591 2341 786 2379 mortem
811 2332 1037 2390 ducibus;
1073 2347 1167 2378 non
1192 2331 1370 2379 celeres
1393 2331 1534 2407 fugae,

455 2396 760 2460 Rejectaeque
784 2394 1036 2445 retrorsum
1062 2397 1344 2445 Hannibalis
1367 2398 1537 2444 minae·
1524 2434 1537 2455 ,

457 2463 571 2510 Non
598 2463 819 2511 incendia
843 2463 1177 2527 Carthaginis
1166 2464 1337 2526 lmpiae‚

456 2528 574 2592 Ejus
596 2530 674 2591 qui
700 2529 874 2577 domita
899 2546 1070 2577 nomen
1095 2530 1153 2576 ab
1176 2530 1340 2576 Africa

457 2595 689 2643 Lucratus
713 2596 865 2655 rediit,
891 2594 1061 2643 clarius
1086 2596 1295 2645 indicant

459 2661 662 2721 Laudes,
688 2660 827 2723 quam
852 2662 1064 2712 Calabrae
1088 2661 1320 2708 Pierides:
1356 2675 1523 2723 neque,

460 2727 511 2773 Si
535 2727 708 2774 chartae
732 2728 900 2774 sileant
922 2728 1043 2790 quod
1070 2727 1187 2773 bene
1213 2725 1396 2786 feceris,

458 2791 732 2840 Mercedem
756 2793 930 2840 tuleriS.
982 2792 1114 2843 Quid
1141 2792 1256 2839 soret
1278 2790 1379 2838 Iliae

458 2846 772 2920 Mavortisque
795 2875 926 2933 puer,
951 2859 989 2905 si
1013 2857 1304 2914 taciturnitas

457 2923 679 2971 Obstaret
702 2925 878 2970 meritis
903 2924 1058 2971 invida
1081 2922 1308 2970 Romuli?

457 2988 681 3051 Ereptum
709 2990 882 3051 Stygiis
905 2989 1123 3036 fluctibus
1147 2987 1350 3035 AEacum

463 3055 622 3102 Virtus
645 3064 691 3102 et
715 3054 841 3101 favor
865 3063 912 3101 et
934 3055 1095 3117 lingua
1116 3053 1378 3116 potentium

458 3121 633 3168 Vatum
652 3120 869 3168 divitibus
893 3129 1136 3167 consecrat
1159 3119 1336 3166 insulis.

460 3186 668 3250 Dignum
692 3186 830 3233 laude
854 3185 1001 3232 virum
1027 3184 1167 3232 Musa
1189 3194 1311 3233 vetat
1333 3184 1477 3232 mori:

1773 2003 1833 2053 10

1767 2333 1829 2381 15
