1976 3432
684 242 1014 284 CARMINUM
1044 243 1152 283 LIB.
1184 245 1265 284 111.

409 361 679 410 Risissent:
715 362 812 409 fore
834 362 963 410 enim
985 371 1139 410 tutum
1163 363 1250 410 iter
1273 371 1321 411 et
1342 373 1510 428 patens

669 427 804 475 Conv
807 445 913 476 erso
933 428 982 475 in
1006 429 1209 491 pretium
1233 431 1336 477 deo,

410 493 596 540 Aurum
619 510 700 556 per
725 495 942 541 medios
930 510 997 541 1re
1021 494 1260 555 satellites,

410 558 474 606 Et
494 575 794 622 perrumpere
818 568 943 606 amat
965 576 1093 619 saxa,
1117 561 1354 624 potentius

411 624 517 672 Ictu
542 625 779 672 fulmineo.
849 625 1072 673 Concidit
1095 628 1288 689 auguris

671 691 836 754 Argivi
860 692 1042 750 domus,
1066 693 1127 739 ob
1149 692 1335 740 lucrum

409 755 638 803 Demersa
661 758 859 804 excidio.
930 757 1115 805 Diffidit
1138 759 1326 806 urbium

408 821 573 870 Portas
595 822 663 869 vir
688 821 906 882 Macedo,
930 832 978 870 et
1000 823 1184 871 'subruit
1208 825 1401 873 aemulos

408 887 570 951 Reges
595 889 881 936 muneribus.
952 887 1156 937 Munera
1178 891 1369 938 navium

671 955 830 1001 Saevos
853 954 1105 1017 illaqueant
1128 957 1289 1003 duces.

409 1019 717 1067 Crescentem
739 1020 948 1082 sequitur
972 1036 1087 1068 cura
1107 1022 1378 1084 pecuniam,
1455 1076 1458 1077 ⁷

409 1084 734 1148 Majorumque
760 1086 919 1133 fames.
989 1085 1017 1132 J
1023 1103 1105 1137 ure
1128 1089 1372 1150 perhorrui

406 1150 525 1199 Late
550 1152 865 1214 conspicuum¹
881 1152 1042 1199 tollere
1067 1153 1304 1214 verticem,

668 1217 926 1277 MaecenaS,
949 1219 1158 1280 equitum
1182 1220 1357 1276 decus„

404 1281 604 1334 Quanto
628 1284 822 1346 quisque
847 1285 936 1331 sibi
957 1285 1092 1347 plura
1114 1286 1372 1348 negaverit,

408 1349 454 1396 A
478 1348 552 1396 dis
573 1349 707 1412 plura
732 1350 861 1397 feret.
930 1350 1015 1397 Nil
1041 1352 1333 1414 cupientium

407 1414 583 1463 Nudus
606 1425 759 1463 castra
781 1425 905 1479 peto,
930 1425 977 1463 et
1001 1417 1242 1480 transfuga
1265 1418 1462 1473 divitum

667 1481 830 1529 Partes
852 1482 1065 1545 linquere
1088 1484 1264 1545 gestio,
1254 1501 1264 1510 ·

406 1547 699 1622 Contemptae
723 1548 942 1595 dominus
964 1549 1250 1611 splendidior
1272 1549 1356 1610 rei,

403 1612 568 1664 Quam
593 1614 631 1660 si
655 1614 879 1675 quidquid
903 1624 1002 1662 arat
1024 1614 1225 1678 impiger
1246 1615 1464 1679 Appulus

406 1678 665 1726 Occultare
688 1680 806 1727 meis
830 1681 1013 1726 dicerer
1037 1681 1235 1740 horreis,

666 1743 869 1807 Magnas
892 1746 1013 1793 inter
1036 1762 1149 1809 opes
1172 1747 1320 1810 inops.

403 1811 541 1858 Purae
565 1810 691 1857 rivus
716 1827 863 1873 aquae,
888 1811 1128 1874 silvaque
1111 1828 1332 1874 jugerum

404 1876 688 1936 Paucorum,
712 1887 760 1924 et
783 1878 956 1940 segetis
980 1886 1110 1925 certa
1131 1878 1248 1926 fides
1271 1895 1407 1942 meae,

404 1942 721 2006 Fulgentem
710 1944 905 2005 imperio
928 1943 1091 1990 fertilis
1115 1944 1290 1992 Africae

665 2008 807 2057 Fallit
830 2018 954 2057 sorte
978 2010 1170 2057 beatior.

401 2074 690 2137 Quanquam
714 2091 805 2123 nec
829 2075 1042 2122 Calabrae
1065 2076 1206 2123 mella
1229 2076 1385 2124 ferunt
1407 2093 1535 2141 apes,

404 2140 511 2188 Nec
533 2140 856 2204 Laestrygonia
879 2141 1134 2189 Bacchus
1123 2159 1171 2189 in
1195 2143 1420 2206 amphora

403 2207 690 2270 Languescit
713 2208 844 2266 mihi,
870 2223 961 2254 nec
983 2208 1178 2271 pinguia
1199 2209 1397 2257 Gallicis

662 2272 899 2320 Crescunt
921 2273 1093 2321 vellera
1114 2275 1327 2337 pascuis;

404 2338 678 2401 Importuna
695 2349 853 2386 tamen
876 2340 1122 2402 pauperies
1147 2341 1303 2399 abest;

404 2404 528 2462 Nec,
552 2405 591 2450 si
613 2404 749 2467 plura
772 2405 926 2464 velim,
950 2414 1001 2452 tu
1025 2405 1138 2452 dare
1161 2407 1382 2470 deneges.

403 2443 658 2518 Cont'racto
681 2468 850 2518 melius
872 2486 1014 2532 parva
1030 2471 1252 2534 cupidine
1332 2507 1348 2517 r

661 2535 928 2598 Vectigalia
950 2537 1200 2599 porrigam,

401 2598 565 2652 Quam
591 2601 630 2648 si
654 2599 927 2664 Mygdoniis
950 2617 1149 2664 regnum
1174 2602 1385 2664 Alyattei

402 2667 595 2729 Campis
618 2667 907 2715 continuem
976 2666 1129 2715 Multa
1150 2668 1417 2742 petentibus

402 2732 587 2781 Desunt
608 2732 768 2780 multa.
837 2733 969 2781 Bene
991 2742 1063 2780 est
1086 2733 1164 2780 cui
1188 2732 1320 2781 Deus
1336 2733 1505 2784 obtulit

530 2865 564 2911 5
663 2798 815 2846 Parca
838 2799 963 2862 quod
987 2796 1104 2847 satis
1127 2808 1199 2848 est
1221 2815 1380 2848 manu.

1723 564 1785 613 10

1722 893 1784 940 15

1712 1881 1780 1930 30

1710 2538 1776 2587 40
