1924 3412
759 238 989 279 EPODON
1018 239 1204 280 LIBER.

427 357 616 407 Inultus
633 367 686 406 ut
703 368 755 409 tu
777 359 935 407 riseris
957 359 1164 422 Cotyttia

427 425 649 488 Vulgata,
675 433 862 473 sacrum
886 426 1019 477 liberi
1043 426 1333 488 Cupidinis?

426 491 490 539 Et
512 491 744 554 Esquilini
766 491 976 555 pontifex
1000 489 1198 539 venefici

427 556 631 620 Impune
652 567 703 605 ut
727 558 889 605 urbem
913 559 1104 605 nomine
1129 557 1337 621 impleris
1359 560 1499 608 meo?

426 623 561 674 Quid
584 625 799 687 proderat
822 624 995 671 ditasse
1018 624 1238 687 Pelignas
1261 641 1396 687 anuS,

428 690 710 738 Velociusve
734 690 977 738 miscuisse
1000 691 1208 737 toxicum
1229 692 1248 737 ’ἔ

428 757 524 804 Sed
549 757 752 804 tardiora
772 757 864 804 fata
887 766 933 803 te
958 757 1074 804 votis
1097 763 1302 805 manent.

427 822 621 885 Ingrata
644 823 814 870 misero
837 823 930 869 vita
953 823 1172 870 ducenda
1188 833 1283 882 est,
1307 823 1357 871 in
1382 824 1489 884 hoc,

427 888 576 936 Novis
599 898 652 936 ut
675 905 820 951 usque
844 897 1062 951 suppetas
1085 889 1337 937 doloribus.

426 955 572 1017 Optat
594 955 798 1017 quietem
823 955 1009 1017 Pelopis
1033 954 1205 1002 infidus
1227 965 1374 1018 pater,

427 1023 586 1084 Egens
612 1022 827 1084 benignae
848 1021 1091 1076 Tantalus,
1103 1037 1285 1083 semper
1303 1021 1464 1084 dapis;

425 1089 574 1150 Optat
591 1088 903 1135 'Prometheus
925 1088 1157 1149 obligatus
1181 1088 1301 1135 aliti:

424 1155 571 1218 Optat
594 1169 811 1217 supremo
833 1153 1062 1201 collocare
1088 1154 1317 1216 Sisyphus

427 1222 486 1270 In
510 1229 668 1269 monte
691 1236 853 1267 saxum
872 1236 882 1266 t
918 1220 1000 1267 sed
1025 1229 1182 1267 vetant
1203 1221 1332 1283 leges
1354 1219 1498 1268 Jovis.

425 1289 570 1335 Voles
595 1285 734 1334 mod&
760 1287 866 1333 altis
889 1286 1075 1333 desilire
1099 1287 1319 1345 turribus,

427 1352 574 1401 Mod&
600 1369 712 1400 ense
737 1362 902 1415 pectus
925 1352 1104 1399 Norico
1128 1352 1369 1399 recludere
1389 1369 1400 1410 ;

425 1417 712 1481 Frustraque
737 1419 890 1465 vincla
913 1420 1087 1481 gutturi
1110 1428 1272 1465 nectes
1295 1427 1393 1478 tuo,

425 1486 689 1533 Fastidiose
714 1485 856 1532 tristis
880 1485 1164 1547 aegrimonia.

424 1553 660 1600 Vectabor
685 1551 892 1598 humeris
915 1562 1029 1613 tunc
1052 1567 1141 1613 ego
1159 1549 1364 1597 inimicis
1386 1566 1549 1613 eques,

424 1617 640 1680 Meaeque
663 1631 787 1665 terra
810 1618 947 1664 cedet
971 1616 1244 1664 insolentiae.

422 1687 518 1743 An,
544 1701 646 1747 quae
670 1700 854 1731 movere
878 1700 1039 1730 cereas
1062 1684 1292 1746 imagines

425 1750 511 1814 (Ut
535 1751 632 1813 ipse
656 1750 781 1796 nesti
805 1750 1059 1813 curiosus),
1084 1758 1130 1795 et
1153 1749 1260 1811 polo

423 1816 651 1879 Deripere
676 1815 859 1862 Lunam
886 1815 1077 1862 vocibus
1099 1815 1271 1878 possim
1297 1815 1430 1874 meis,

422 1883 604 1930 Possim
629 1891 858 1929 crematos
881 1882 1085 1928 excitare
1110 1891 1331 1940 mortuos,

421 1948 733 2010 Desiderique
756 1957 1015 2010 temperare
1039 1947 1277 2010 poculum,

420 2015 607 2063 Plorem
633 2015 744 2062 artis
766 2014 815 2061 in
839 2023 884 2062 te
908 2014 973 2061 nil
998 2013 1214 2061 habentis
1237 2012 1448 2061 exitum'l

1734 1485 1801 1534 70

1731 1815 1796 1864 75
