1976 3432
702 249 1032 291 CARMINUM
1062 249 1170 290 LIB.
1201 251 1259 291 ΙΙ.
1740 255 1809 305 35

1740 374 1809 422 30

426 370 635 435 Rapacis
657 369 773 417 Orci
797 369 891 416 fine
915 369 1163 430 destinata,

689 435 816 483 Aula
839 436 1031 483 divitem
1055 444 1215 484 manet

425 501 624 550 Herum.
679 501 815 553 Quid
839 499 961 556 ultra
983 503 1172 549 tendis?
1223 502 1386 567 ,AEqua
1407 503 1545 553 tellus

685 567 884 631 Pauperi
909 569 1165 616 recluditur
1218 576 1285 631 ,ξ
1319 575 1548 647 '‘ff“C-ww

425 634 711 700 Regumque
732 634 916 696 pueris:
952 631 1044 682 ne‘c'
1066 635 1250 681 satelles
1273 634 1391 684 Orci
1436 643 1439 647 ’

686 699 922 768 Cal-lidum
945 700 1227 748 Promethea
1379 693 1663 800 anykcsmss
1739 703 1809 752 35

424 765 643 827 Revexit,
667 782 781 813 auro
803 774 980 829 captus.
1005 822 1008 827 Ι
1050 766 1146 814 Hic
1169 768 1422 830 superbum
1536 784 1540 790 ¹

686 831 944 880 Tantalum
969 842 1106 896 atque
1130 832 1325 881 Tantali
1544 882 1594 915 q»
1640 873 1653 886 ,

424 899 590 948 Genus
612 901 826 946 coercet:
863 900 940 946 hic
963 900 1117 948 levare
1141 899 1358 948 functum
1430 888 1654 950 &ss-tras
1671 903 1763 945 ’μηδ

660 949 946 1027 Ῥῖωρετεῐῐι
970 965 1224 1025 laboribus,

425 1031 635 1080 Vocatus
658 1039 795 1093 atque
817 1048 914 1080 non
937 1041 1145 1092 vocatus,
1168 1032 1312 1080 audit.
1379 1047 1410 1090 ε
1444 1051 1491 1082 ,τ-
1559 1007 1654 1082 fit
1670 1046 1693 1074 ’,κ
1718 1003 1976 1069 ‘m-L-&ff‘jv‘l

755 1332 765 1338 ,,
823 1292 964 1341 ODE
997 1293 1137 1342 XVI.

815 1409 872 1441 IN
895 1407 1147 1442 BACCHUM.

425 1493 671 1542 Baccmm
696 1491 744 1540 in
767 1492 959 1540 remotis
982 1493 1194 1541 carmina
1216 1495 1410 1559 rupibus

425 1560 539 1608 Vidi
562 1560 813 1607 docentem
839 1557 1057 1623 (credite,
1080 1562 1297 1627 posteri),

490 1625 829 1689 Nymphasque
852 1625 1107 1685 discentes,
1131 1635 1180 1674 et
1203 1643 1340 1675 aures

555 1691 872 1754 Capripedum
898 1692 1169 1752 Satyrorum
1194 1703 1371 1742 acutas.

424 1756 579 1805 Evoe!
616 1757 795 1805 recenti
818 1772 953 1803 mens
975 1758 1177 1820 trepidat
1200 1770 1346 1820 metu,
1447 1810 1454 1818 ,
1775 1764 1810 1812 5

423 1824 661 1886 Plenoque
685 1822 863 1870 Bacchi
886 1831 1076 1886 pectore
1098 1823 1340 1874 turbidum

487 1890 694 1938 Laetatur
714 1890 725 1937 1
783 1888 935 1936 Evoe!
971 1905 1129 1952 parce,
1154 1891 1323 1939 Liber!

553 1956 718 2016 Parce,
743 1954 872 2018 gravi
897 1957 1150 2004 metuende
1172 1959 1359 2021 thyrsol

423 2021 518 2070 Fas
539 2023 809 2086 pervicaces
831 2030 903 2069 est
926 2022 1042 2070 mihi
1067 2022 1329 2087 Thyiadas,

424 2088 630 2151 Vinique
654 2089 846 2148 fontem,
871 2088 1006 2136 lactis
1029 2099 1077 2136 et
1099 2090 1267 2138 uberes
1747 2094 1809 2143 10

487 2155 693 2202 Cantare
716 2155 853 2215 rivos,
873 2164 1012 2217 atque
1035 2157 1215 2204 truncis

551 2220 707 2284 Lapsa
729 2221 856 2268 cavis
879 2221 1049 2269 iterare
1072 2223 1227 2271 mella.

422 2284 516 2334 Fas
539 2296 587 2334 et
610 2287 758 2334 beatae
782 2287 997 2351 conjugis
1020 2289 1230 2336 additum

423 2353 580 2401 Stellis
603 2353 844 2413 honorem,
868 2363 1085 2416 tectaque
1109 2353 1313 2403 Penthei

485 2417 696 2481 Disjecta
718 2434 815 2466 non
838 2419 933 2466 leni
956 2421 1110 2480 ruina,
1744 2425 1806 2474 15

554 2483 758 2531 Thracis
780 2494 828 2531 et
850 2485 1043 2533 exitium
1067 2486 1288 2551 Lycurgi.

422 2549 503 2598 Tu
527 2549 678 2598 flectis
701 2566 880 2610 amnes,
904 2560 954 2598 tu
979 2568 1107 2599 mare
1131 2554 1408 2602 barbarum:

422 2616 503 2663 Tu
526 2617 749 2679 separatis
773 2617 939 2664 uvidus
963 2617 1011 2664 in
1030 2618 1158 2681 jugis
1260 2624 1265 2634 ’

485 2681 533 2728 N
538 2683 628 2730 odo
651 2686 846 2730 coerces
870 2684 1078 2746 viperino

557 2748 852 2797 Bistonidum
878 2750 980 2797 sine
1006 2750 1168 2798 fraude
1191 2751 1372 2801 crines:
1736 2753 1803 2803 20

420 2813 517 2874 Tu,
540 2831 682 2877 quum
706 2816 913 2877 parentis
936 2832 1083 2878 regna
1104 2833 1186 2879 per
1209 2818 1407 2866 arduum

422 2879 604 2928 Cohors
625 2880 884 2943 Gigantum
909 2883 1156 2930 scanderet
1180 2884 1339 2947 impia,

486 2945 714 2994 Rhoetum
739 2948 963 2995 retorsisti
986 2948 1136 2995 leonis

551 3011 800 3075 Unguibus
824 3014 1128 3076 horribilique
1154 3014 1304 3073 malfr3

421 3074 727 3140 Quanquam,
749 3079 932 3127 choreis
966 3081 1112 3143 aptior
1135 3090 1182 3128 et
1200 3080 1319 3144 jocis
1734 3082 1802 3131 25

423 3141 650 3206 Ludoque
673 3144 842 3204 dictuS‚
866 3162 963 3194 non
986 3156 1057 3194 sat
1079 3146 1277 3194 idoneus
