1936 3450
196 256 290 306 188
723 256 774 304 Q.
804 256 1047 305 HOBATII
1075 256 1295 299 FLAch

257 374 349 422 Pes
372 375 521 433 citus;
557 376 684 424 unde
707 377 850 424 etiam
873 377 1093 424 trimetris
1117 393 1388 424 accrescere
1406 375 1545 451 ,iussit

255 441 448 488 Nomen
473 439 692 502 IambeiS,
715 440 860 505 quum
884 459 1020 490 senos
1042 443 1260 490 redderet
1282 443 1419 504 ictus,

256 506 443 553 Primus
467 509 526 554 ad
550 517 811 555 extremum
835 508 999 556 similis
1021 509 1137 555 sibi:
1173 514 1269 555 no'n
1291 509 1356 556 ita
1376 509 1575 572 pridem,

257 572 459 620 Tardior
478 583 528 620 ut
550 572 691 637 paulo
715 575 988 637 graviorque
1011 575 1192 621 veniret
1214 575 1272 621 ad
1297 590 1449 636 aures,

258 639 502 701 Spondeos
521 640 708 686 stabiles
733 641 782 687 in
801 641 908 703 jura
929 649 1123 703 paterna
1145 640 1323 703 recepit

257 705 547 752 Commodus
569 714 616 752 et
638 706 848 768 patiens3
885 717 981 753 non
1006 715 1055 753 ut
1074 706 1132 752 de
1157 707 1268 752 sede
1288 707 1498 754 secunda

256 770 460 818 Cederet
483 779 565 817 aut
586 771 749 834 quarta
773 772 1017 819 socialiter.
1088 772 1185 818 Hic
1208 780 1255 818 et
1277 771 1327 818 in
1351 770 1478 821 Acci

256 836 508 884 Nobilibus
531 837 753 885 trimetris
777 847 967 900 apparet
989 853 1136 897 rarUS,
1161 847 1208 884 et
1231 835 1374 885 Enni.

254 901 313 949 In
338 919 530 949 scenam
553 903 720 950 missus
743 910 914 966 magno
932 919 1041 950 cum
1059 904 1266 983 pondere
1289 918 1466 964 versus,

254 969 356 1015 Aut
380 985 531 1043 operae
557 970 723 1016 celeris
746 968 945 1017 nimium
970 984 1175 1044 curaque
1200 970 1418 1029 carentis,

254 1035 355 1081 Aut
378 1035 600 1109 ignoratae
623 1036 792 1097 premit
811 1036 920 1082 artis
943 1035 1139 1081 crimine
1163 1035 1299 1098 turpi.

252 1099 364 1147 Non
388 1101 538 1162 quivis
561 1102 687 1148 videt
709 1101 1013 1149 immodulata
1034 1104 1252 1163 poemata
1270 1101 1416 1163 judex
1429 1117 1442 1159 ,·

252 1165 316 1213 Et
339 1167 447 1213 data
471 1167 702 1214 Romanis
725 1168 860 1214 venia
883 1176 952 1214 est
975 1167 1168 1229 indigna
1191 1168 1355 1229 poetis.

252 1230 502 1280 Idcircone
526 1250 681 1296 vager,
707 1234 1000 1295 scribamque
1023 1233 1235 1292 licenter,
1260 1242 1497 1280 utomnes

252 1298 448 1346 Visuros
470 1309 667 1373 peccata
690 1308 848 1362 putem
873 1315 993 1357 mea,
1018 1307 1160 1357 tutus,
1185 1308 1231 1345 et
1250 1294 1371 1345 intra

253 1365 396 1426 Spem
416 1365 564 1411 veniae
588 1375 787 1412 cautus.
772 1367 792 1400 'P
862 1365 1018 1412 Vitavi
1042 1364 1244 1426 denique
1268 1365 1471 1427 culpam,

252 1429 364 1477 Non
389 1431 576 1477 laudem
601 1431 765 1498 merui.
835 1431 933 1478 Vos
958 1431 1241 1492 exemplaria
1263 1430 1432 1477 Graeca

250 1495 500 1544 Nocturna
524 1506 702 1544 versate
727 1513 887 1556 mann,
912 1505 1091 1543 versate
1115 1496 1299 1543 diurna.

251 1563 318 1610 At
344 1564 479 1610 vestri
502 1563 660 1626 proavi
684 1563 926 1610 Plautinos
950 1571 996 1609 et
1018 1578 1238 1619 numeros
1262 1572 1309 1609 et

251 1627 527 1676 Laudavcre
552 1629 687 1689 saleS,
712 1626 912 1676 nimium
935 1628 1166 1691 patienter
1189 1637 1455 1690 utrumque,

250 1694 329 1742 Ne
354 1696 508 1742 dicam
533 1692 690 1755 stulte,
710 1695 889 1751 mirati;
928 1695 967 1741 si
991 1692 1129 1741 modo
1154 1710 1242 1756 ego
1265 1702 1312 1741 et
1335 1710 1415 1741 vos

252 1762 439 1808 Scimus
465 1761 746 1808 inurbanum
770 1761 925 1823 lepido
951 1776 1175 1822 seponere
1199 1761 1340 1819 dicto,

249 1826 629 1890 Legitimumque
653 1844 819 1874 sonum
845 1826 1005 1889 digitis
1027 1826 1269 1884 callemus,
1294 1836 1341 1873 et
1364 1842 1489 1873 aure.

315 1893 535 1955 Ignotum
561 1893 779 1956 Tragicae
797 1909 947 1956 genus
971 1892 1206 1939 invenisse
1230 1892 1472 1938 Camoenae

248 1958 434 2007 Dicitur
477 1969 524 2006 et
545 1959 760 2022 plaustris
783 1958 963 2006 vexisse
986 1961 1204 2021 poemata
1227 1956 1435 2021 Thespis

247 2025 349 2075 Qui
399 2034 625 2072 canerent
648 2035 932 2087 agerentque
956 2024 1172 2086 peruncti
1198 2023 1392 2070 faecibus
1413 2039 1509 2070 ora.

247 2091 360 2138 Post
384 2092 527 2151 hunc,
553 2107 763 2154 personae
787 2091 1011 2152 palloeque
1037 2098 1241 2152 repertor
1265 2090 1488 2148 honestae,

248 2157 520 2219 AEschylus,
541 2166 588 2203 et
612 2157 808 2203 modicis
832 2156 1043 2202 instravit
1066 2155 1244 2218 pulpita
1267 2155 1426 2217 tignis,

247 2223 310 2270 Et
328 2224 487 2270 docuit
505 2237 820 2285 magnumque
844 2221 968 2283 loqui
993 2221 1169 2282 nitique
1194 2221 1436 2267 cothurno.

247 2289 490 2337 Successit
513 2298 646 2336 vetus
671 2288 743 2334 his
767 2287 1029 2346 Comoedia,
1055 2303 1150 2333 non
1177 2285 1278 2332 sine
1303 2286 1452 2332 multa

245 2355 409 2403 Laude
430 2372 440 2412 ;
477 2356 556 2402 sed
583 2356 631 2402 in
655 2354 817 2401 vitium
843 2354 1031 2400 libertas
1054 2352 1230 2399 excidit
1254 2360 1300 2398 et
1319 2352 1411 2398 vim

245 2421 452 2484 Dignam
476 2421 580 2483 lege
603 2420 727 2482 regi:
763 2420 839 2466 lex
864 2428 934 2466 est
958 2427 1167 2480 accepta,
1188 2418 1449 2479 chorusque

244 2488 469 2550 Turpiter
491 2486 703 2546 obticuit,
728 2486 908 2532 sublato
927 2485 1031 2548 jure
1055 2484 1270 2532 nocendi.

311 2554 393 2600 Nil
419 2554 700 2600 intentatum
725 2552 868 2599 nostri
892 2550 1071 2613 liquere
1094 2553 1273 2612 poetae:

243 2619 351 2667 Nec
374 2620 619 2665 minimum
647 2617 861 2665 meruere
886 2618 1046 2675 decuS,
1071 2615 1265 2678 vestigia
1287 2615 1454 2661 Graeca

245 2685 367 2731 Ausi
392 2686 607 2732 deserere
631 2693 679 2731 et
701 2683 939 2730 celebrare
963 2682 1221 2728 domestica
1245 2682 1382 2739 facta,

245 2750 335 2797 Vel
360 2750 439 2812 qui
462 2759 726 2811 praetextas‚
751 2749 822 2796 vel
847 2749 926 2811 qui
950 2746 1155 2795 docuere
1179 2756 1372 2809 togatas.

247 2815 355 2863 Nec
379 2816 546 2862 virtute
572 2817 688 2862 foret
711 2815 906 2862 clarisve
930 2815 1166 2876 potentius
1191 2811 1347 2870 armis,

245 2879 409 2932 Quam
434 2881 614 2943 lingua,
639 2881 843 2940 Latium,
869 2880 907 2926 si
931 2896 1040 2926 non
1050 2878 1309 2926 offenderet
1331 2891 1499 2922 unum-

246 2962 476 3008 quemque
499 2949 742 3008 poetarum
767 2920 890 2992 lirriae
915 2945 1042 2992 labor
1065 2953 1111 2991 et
1134 2959 1274 2989 mora.
1344 2941 1459 3000 Vos,
1482 2957 1511 2988 o

246 3012 506 3074 Pompilius
529 3012 735 3073 sanguiS,
761 3027 952 3057 carmen
976 3008 1302 3072 reprehendite
1325 3007 1449 3069 quod
1473 3022 1567 3054 non

247 3077 401 3125 Multa
424 3078 525 3124 dies
550 3085 597 3123 et
619 3077 765 3123 multa
789 3077 821 3122 li
824 3085 928 3122 tura
952 3074 1179 3131 coercuit,
1206 3083 1344 3134 atque

247 3144 533 3191 Praesectum
557 3142 716 3189 decies
739 3158 833 3188 non
858 3140 1099 3202 castigavit
1122 3112 1180 3185 ad
1205 3154 1429 3200 unguem.

315 3209 567 3272 Ingenium
589 3207 760 3255 miserti⁴
782 3207 892 3268 quia
917 3205 1196 3254 fortunatius
1221 3213 1318 3251 arte

1721 1561 1822 1609 270

1720 1890 1821 1938 275

1718 2875 1818 2923 290

1718 3201 1817 3249 295
