1976 3432
686 229 1017 271 CARMINUM
1045 230 1154 270 LIB.
1184 231 1266 271 111.

542 348 602 396 In
625 350 821 412 patriam
843 350 1158 413 populumque
1183 349 1326 398 fluxit.
1355 378 1369 391 ο

412 415 573 464 Motus
596 416 753 463 doceri
776 417 950 479 gaudet
974 416 1162 464 Ionicos

412 481 602 530 Matura
624 483 768 544 virgo,
793 491 841 528 et
862 481 1052 544 fingitur
1075 482 1279 529 artibus:

478 547 586 594 Jam
611 563 740 594 nune
765 557 819 595 et*
835 547 1041 594 incestos
1065 564 1247 595 amores

543 612 618 659 De
641 623 802 669 tenero
826 614 1075 660 meditatur
1099 613 1262 676 ungui.

412 678 525 726 Non
550 679 621 725 his
640 679 858 742 juventus
881 689 981 725 orta
1001 681 1273 742 parentibus

411 745 586 792 Infecit
610 758 762 807 aequor
786 745 1015 807 sanguine
1030 746 1237 805 Punico,

478 811 800 873 Pyrrhumque
823 821 871 858 et
893 812 1134 873 ingentem
1159 811 1332 859 cecidit

543 877 850 935 Antiochum,
876 877 1286 940 Hannibalemque
1309 877 1490 925 dirum:

413 943 510 990 Sed
533 944 810 990 rusticorum
834 943 1043 990 mascula
1065 943 1266 991 militum

412 1009 589 1068 ProleS,
615 1009 813 1055 Sabellis
835 1009 974 1056 docta
997 1009 1232 1071 ligonibus

479 1075 682 1122 Versare
704 1076 879 1137 glebaS,
903 1085 950 1121 et
971 1091 1144 1122 severae

546 1140 711 1187 Matris
735 1142 793 1188 ad
818 1141 1059 1187 arbitrium
1085 1141 1260 1190 recisos

413 1207 604 1255 Portare
629 1207 789 1265 fustes,
814 1207 880 1254 sol
905 1207 985 1253 ubi
1009 1207 1238 1253 montium

414 1272 622 1330 Mutaret
644 1273 847 1331 umbras,
871 1282 919 1320 et
937 1273 1049 1336 juga
1073 1274 1284 1320 demeret

479 1339 639 1387 Bobus
663 1339 880 1401 fatigatis,
905 1340 1108 1386 amioum
1136 1348 1144 1351 ’

546 1404 759 1467 Tempus
783 1421 927 1468 agens
951 1406 1152 1451 abeunte
1177 1421 1331 1452 curru.

414 1471 654 1519 Damnosa
677 1470 789 1532 quid
814 1487 909 1517 non
934 1471 1169 1517 imminuit
1192 1471 1322 1518 dies!

416 1538 552 1586 AEtas
574 1538 837 1600 parentum,
862 1537 989 1599 pejor
1013 1537 1125 1596 avis,
1149 1537 1255 1584 tulit

481 1603 583 1651 Nos
606 1603 868 1664 nequiores,
893 1619 1002 1650 mox
1024 1603 1214 1650 daturos

520 1669 828 1737 ‚Progeniem
850 1668 1146 1716 vitiosiorem.

827 1929 967 1978 ODE
1001 1931 1116 1980 VII.

759 2027 831 2077 ,ω’
850 2045 1192 2078 MAECENATEM.

419 2131 639 2178 MAR'rns
663 2129 837 2177 eoelebs
859 2130 971 2191 quid
996 2126 1131 2193 agam
1157 2129 1388 2191 kalendis,

417 2197 555 2248 Quid
579 2196 722 2242 velint
746 2195 897 2254 floreS‚
921 2205 969 2242 et
992 2212 1152 2243 acerra
1174 2197 1324 2245 thuris

421 2263 586 2322 Plena,
610 2261 810 2319 miraris,
834 2262 1099 2323 positusque
1123 2262 1264 2310 carbo
1289 2263 1339 2309 in

746 2327 937 2389 Cespite
960 2328 1078 2386 vivo,

422 2394 573 2441 Docte
597 2408 834 2439 sermones
860 2393 1096 2455 utriusque
1120 2393 1308 2455 linguae.

422 2460 653 2506 Voveram
678 2458 842 2504 dulces
863 2458 1024 2520 epulas
1046 2467 1094 2505 et
1111 2459 1270 2504 album

371 2539 374 2544 ’
422 2525 593 2572 Libero
617 2537 824 2585 caprum,
850 2521 991 2586 prope
1017 2524 1258 2571 funeratus

748 2589 943 2635 Arboris
967 2589 1076 2635 ictu.

426 2656 521 2703 Hie
541 2655 643 2702 dies
666 2670 790 2702 anno
811 2656 1037 2701 redeunte
1064 2654 1209 2702 festus

428 2721 666 2769 Corticem
692 2720 932 2768 astrictum
956 2720 1062 2782 pice
1086 2719 1340 2767 dimovebit

427 2788 696 2850 Amphorae,
723 2786 901 2832 fumum
929 2786 1084 2832 bibere
1110 2786 1333 2834 institutae

751 2851 959 2899 Consule
978 2850 1134 2899 Tullo.

427 2919 589 2976 Sume,
615 2917 867 2976 Maeoenas,
893 2918 1083 2979 cyathos
1107 2917 1247 2964 amici

429 2984 627 3045 Sospitis
649 2993 838 3030 centum
856 2999 867 3039 ;
903 2993 950 3030 et
972 2983 1134 3045 vigiles
1157 2983 1374 3030 lucernas

428 3049 587 3096 Perfer
610 3049 658 3095 in
682 3049 834 3095 lucem
853 3065 863 3094 :
897 3050 1057 3111 procul
1081 3049 1232 3095 omnis
1254 3058 1355 3096 esto

754 3114 942 3162 Clamor
965 3124 1011 3161 et
1030 3115 1110 3162 ira.

431 3177 566 3226 Mitte
590 3178 749 3225 civiles
770 3195 912 3242 super:
937 3179 1059 3227 Urbe
1083 3195 1243 3227 curas:

1720 350 1788 399 20

1720 1007 1789 1058 30

1739 2711 1881 2768 10'

1738 3046 1800 3095 15
