1936 3450
192 242 285 292 164
723 242 775 290 Q.
805 240 1047 283 HORATH
1074 234 1280 284 FLAc'm
1673 304 1675 306 q
1705 239 1741 297 3

252 360 425 408 Caecus
446 361 534 408 iter
556 370 814 410 monstrare
837 363 974 415 velit:
1008 372 1168 411 tamen
1191 362 1349 425 aspice
1372 362 1411 410 si
1432 363 1544 426 quid

251 425 314 474 Et
337 443 438 487 nos,
462 428 585 489 quod
609 426 745 475 cures
769 431 1006 492 proprium
1030 430 1211 488 fecisse,
1235 429 1491 490 loquamur.
1730 460 1731 463 =
1782 431 1819 480 5

319 493 371 540 Si
395 502 440 541 te
463 503 595 556 grata
617 494 748 556 quies
771 504 818 542 et
839 497 1036 558 primam
1061 511 1254 542 somnus
1276 495 1326 542 in
1351 496 1512 560 horam

251 557 497 617 Delectat3
532 560 571 606 si
594 569 640 607 te
663 561 814 622 pulvis
837 561 1146 624 strepitusque
1170 569 1391 621 rotarum,

253 625 306 671 Si
329 625 457 672 laedit
480 626 1042 688 caupona,.Ferentinum
1069 628 1134 674 ire
1154 627 1356 689 jubebo:

250 689 377 738 Nam
396 708 549 754 neque
571 692 792 739 divitibus
815 694 1097 755 contingunt
1119 692 1291 755 gaudia
1313 693 1446 750 solis;
1545 755 1548 757 ι

250 755 358 803 Nec
382 758 494 804 vixit
516 756 656 817 male,
680 758 758 820 qui
778 768 915 806 natus
938 759 1231 820 moriensque
1256 758 1429 806 fefellit.
1538 771 1540 774 ’
1749 760 1817 808 lo

254 823 309 868 Si
329 825 548 884 prodesse
572 824 680 883 tuis,
705 822 938 886 pauloque
963 823 1214 886 benignius
1237 825 1390 887 ipsum

250 886 327 935 Te
349 898 547 936 trac-tare
571 890 711 949 voles,
733 892 934 937 accedes
958 891 1112 937 siccus
1136 891 1194 936 ad
1214 899 1423 938 unctum.

253 958 280 979 “
305 955 355 1001 Si
379 957 629 1017 pranderet
646 956 747 1005 olus
769 957 1015 1020 patienter,
1039 957 1228 1019 regibus
1251 958 1318 1007 uti

250 1018 410 1067 Nollet
434 1022 748 1084 Arisfippusss’
819 1026 847 1047 “
876 1023 927 1069 Si
951 1024 1092 1069 sciret
1114 1023 1302 1084 regibus
1326 1023 1410 1082 uti,

249 1086 502 1147 Fastidiret
523 1089 644 1147 olus,
668 1088 748 1149 qui
768 1104 847 1134 me
873 1090 1047 1136 notat.''
1117 1088 1278 1135 Utrius
1302 1090 1467 1136 horum
1685 1100 1692 1107 ⁸
1753 1086 1816 1136 15

249 1153 408 1200 Verba
429 1155 597 1216 pro-bes
619 1164 665 1201 et
690 1155 827 1211 facta,
852 1155 970 1202 doce
990 1171 1002 1212 3
1038 1154 1109 1200 vel
1131 1154 1288 1217 junior
1312 1156 1423 1202 audi

247 1218 348 1266 Cur
373 1220 431 1266 sit
454 1220 681 1282 Aristippi
704 1221 852 1282 potior
871 1221 1118 1269 sententia.
1186 1220 1406 1282 Namque

249 1283 523 1332 Mordacem
549 1286 782 1347 Cynicum
807 1287 875 1332 sic
898 1286 1130 1345 eludebat,
1155 1296 1207 1333 ut
1229 1286 1360 1333 aiunt
1380 1303 1391 1333 2

251 1354 279 1375 “
303 1352 498 1398 Scurror
517 1368 605 1414 ego
629 1352 726 1414 ipse
749 1353 880 1411 mihi,
906 1353 1076 1414 populo
1098 1359 1176 1409 tu3
1211 1353 1385 1399 rectius
1408 1353 1498 1399 hoc
1520 1360 1568 1399 et
1656 1395 1665 1412 ,

249 1417 552 1480 Splendidius
575 1416 722 1464 multo
746 1428 842 1464 est:
879 1435 1025 1479 equus
1048 1428 1099 1466 ut
1123 1435 1196 1465 me
1221 1428 1387 1481 portet,
1406 1418 1499 1466 alat
1520 1433 1618 1478 rex,
1749 1418 1816 1466 20

249 1482 472 1530 Officium
498 1484 645 1541 facio3
681 1492 731 1530 tu
754 1485 909 1546 poscis
932 1485 1040 1530 vilia
1063 1500 1235 1543 rerum,

250 1548 409 1596 Dante
432 1550 598 1609 minor,
622 1551 831 1612 quamvis
855 1550 946 1597 fers
968 1559 1014 1597 te
1038 1551 1212 1597 nullius
1235 1551 1499 1612 egentem.’'

250 1615 418 1662 Omnis
443 1616 731 1677 Aristippum
757 1616 916 1663 decuit
939 1617 1064 1663 color
1088 1625 1135 1663 et
1158 1625 1303 1662 status
1327 1626 1374 1663 et
1395 1632 1487 1677 res,

251 1680 540 1728 Tentantem
563 1682 755 1744 majora,
780 1680 876 1729 fere
901 1682 1209 1744 praesentibus
1234 1698 1433 1743 aequum.

250 1747 445 1807 Contra,
469 1764 607 1810 quem
633 1748 809 1811 duplici
832 1747 1237 1810 pannonpatientia
1260 1749 1400 1809 velat,
1745 1747 1814 1796 25

250 1812 475 1873 Mirabor,
501 1814 604 1861 vitae
629 1814 702 1860 via
725 1814 763 1861 si
788 1830 1013 1861 conversa
1036 1814 1236 1861 decebit.

250 1880 384 1926 Alter
407 1896 692 1942 purpureum
717 1897 811 1927 non
836 1881 1127 1942 exspectabit
1150 1880 1392 1940 amictum,

249 1945 499 1995 Quidlibet
514 1947 706 1993 indutus
729 1947 1033 1993 celeberrima
1050 1962 1132 2008 per
1155 1946 1257 1992 loca
1281 1946 1433 2006 vadet,

250 2011 595 2073 Personamque
621 2013 736 2059 feret
759 2029 854 2059 non
879 2013 1194 2060 inconcinnus
1218 2020 1490 2074 utramque:

250 2078 385 2123 Alter
409 2077 562 2125 Mileti
586 2087 758 2124 textam
783 2095 900 2125 cane
923 2079 1056 2140 pejus
1079 2088 1127 2124 et
1149 2093 1304 2139 angue
1749 2076 1815 2125 3⁰

250 2142 431 2190 Vitabit
454 2144 746 2205 chlamydem
765 2161 775 2200 3
812 2145 1034 2190 morietur
1054 2143 1238 2206 frigore,
1263 2143 1302 2189 si
1326 2159 1420 2189 non

250 2207 510 2255 Rettuleris
532 2225 767 2272 pannum:
802 2210 938 2268 refer,
963 2218 1010 2256 et
1033 2210 1135 2255 sine
1158 2209 1280 2255 vivat
1303 2209 1501 2270 ineptus.
1580 2207 1583 2210 ’

315 2274 416 2320 Res
437 2289 601 2337 gerere
624 2283 671 2322 et
693 2285 853 2337 captos
875 2276 1122 2322 ostendere
1145 2274 1324 2321 civibus
1349 2275 1520 2333 hostes,

249 2341 455 2402 Attingit
478 2341 642 2387 solium
668 2341 796 2388 Jovis
819 2350 866 2388 et
889 2341 1097 2387 coelestia
1118 2349 1291 2388 tentat:

249 2406 547 2468 Principibus
569 2407 802 2469 placuisse
827 2407 952 2465 viris,
977 2423 1072 2454 non
1092 2407 1254 2454 ultima
1276 2406 1378 2453 laus
1401 2414 1487 2453 est.
1747 2406 1813 2454 35

249 2472 361 2520 Non
386 2473 533 2519 cuivis
557 2473 733 2519 homini
757 2473 987 2535 contingit
1010 2473 1139 2519 adire
1162 2473 1455 2519 Corinthum.

251 2539 401 2597 Sedit,
419 2539 501 2600 qui
522 2539 675 2585 timuit
699 2555 759 2585 ne
783 2555 878 2586 non
903 2539 1207 2595 succederet3
1245 2547 1344 2585 esto
1366 2555 1375 2584 ε

248 2603 417 2653 Quid?
451 2605 531 2665 qui
555 2604 780 2666 pervenit,
801 2605 972 2651 fecitne
997 2604 1219 2650 viriliter?
1254 2603 1399 2664 Atqui

251 2668 349 2715 Hic
373 2678 459 2727 est,
483 2679 562 2716 aut
585 2686 833 2731 nusquam,
855 2671 976 2732 quod
1001 2670 1278 2731 quaerimus:
1315 2669 1392 2715 hic
1413 2683 1533 2715 onus
1554 2667 1728 2729 horret,

250 2734 314 2781 Ut
335 2736 486 2796 parvis
509 2735 677 2782 animis
695 2744 742 2782 et
763 2752 904 2798 parvo
927 2750 1118 2797 corpore
1142 2735 1291 2796 majus
1309 2751 1320 2791 ;
1747 2733 1812 2781 4⁰

251 2799 348 2846 Hic
372 2800 494 2846 subit
516 2810 562 2847 et
584 2802 768 2862 perfert.
838 2802 938 2848 Aut
961 2801 1104 2847 virtus
1127 2815 1297 2847 nomen
1321 2799 1462 2845 inane
1484 2807 1572 2858 est,

252 2865 353 2912 Aut
375 2866 520 2911 decus
543 2875 589 2912 et
610 2867 809 2928 pretium
832 2864 961 2914 recte
985 2866 1101 2928 petit
1122 2865 1366 2927 experiens
1390 2865 1469 2911 vir.

318 2930 488 2977 Coram
512 2947 621 2992 rege
646 2932 730 2977 sua
754 2933 812 2978 de
834 2940 1105 2994 paupertate
1127 2939 1336 2977 tacentes

252 2995 366 3045 Plus
388 3000 610 3058 poscente
635 2997 796 3043 ferent.
865 2997 1035 3056 Distat,
1056 3011 1274 3042 sumasne
1293 2996 1539 3057 pudenter,

253 3063 333 3109 An
357 3062 534 3124 rapias:
571 3062 696 3123 atqui
720 3078 873 3108 rerum
898 3071 1037 3124 caput
1060 3063 1149 3108 hoc
1171 3070 1286 3120 erat,
1310 3061 1387 3107 hic
1411 3061 1527 3108 fons.
1698 3118 1712 3129 Ἰ,
1745 3059 1811 3108 45
1850 3051 1853 3056 ’

206 3166 209 3172 ,
255 3132 283 3153 “
305 3127 523 3174 Indotata
546 3128 659 3174 mihi
683 3144 808 3174 soror
832 3137 917 3187 est,
941 3127 1224 3189 paupercula
1250 3135 1412 3185 mater,

253 3191 317 3240 Et
339 3193 510 3241 fundus
532 3209 623 3242 nec
645 3194 909 3254 vendibilis,
932 3209 1021 3241 nec
1043 3208 1236 3255 pascere
1256 3189 1462 3252 firmus‚''
