1936 3450
146 255 213 302 92
683 252 737 299 Q.
767 248 1011 292 HORATn
1039 251 1245 294 FLAcm

215 371 311 418 Sed
336 379 495 418 tamen
520 379 676 419 amoto
697 387 962 433 quaeramus
984 372 1107 419 seria
1129 372 1254 420 ludo.

212 437 300 483 Ille
324 452 511 498 gravem
537 437 655 484 duro
677 447 847 484 terram
870 438 950 499 qui
974 439 1111 485 vertit
1133 449 1302 497 aratro,

212 502 427 549 Perfidus
451 503 529 550 hic
552 519 720 566 caupo,
745 503 894 560 miles,
919 515 1168 566 nautaeque
1192 520 1273 567 per
1296 518 1437 551 omne

213 569 438 615 Audaces
463 585 590 627 mare
614 569 694 630 qui
711 573 931 630 currunt,
956 570 1046 616 hac
1070 580 1228 617 mente
1253 570 1462 616 laborem
1728 567 1795 617 30

215 635 330 681 Sese
356 635 492 694 ferre,
518 650 656 681 senes
682 643 731 681 ut
755 635 802 681 in
826 636 920 682 otia
944 645 1046 682 tuta
1070 636 1312 695 recedant,

213 701 381 758 Aiunt,
404 717 548 762 quum
574 701 662 748 sibi
687 701 780 747 sint
803 712 1028 763 congesta
1046 701 1252 748 cibaria:
1288 701 1411 748 sicut

212 765 426 826 Parvula,
451 783 559 814 nam
578 767 791 830 exemplo
814 778 900 825 est,
926 768 1083 830 magni
1110 767 1303 815 formica
1327 765 1497 814 laboris

211 832 310 879 Ore
335 833 480 879 trahit
503 833 815 894 quodcunque
841 843 1008 894 potest,
1033 834 1326 895 atque-addit
1349 848 1514 880 acervo

211 898 374 949 Quem
399 899 550 956 struit,
576 900 700 944 haud
726 899 888 961 ignara
913 915 969 945 ac
992 916 1087 946 non
1114 901 1304 946 incauta
1329 900 1484 945 futuri.
1731 897 1796 946 35

211 964 355 1023 Quae,
382 964 519 1011 simul
547 965 781 1010 inversum
808 966 1054 1012 contristat
1078 966 1316 1027 Aquarius
1339 979 1534 1023 annum,

214 1029 326 1076 Non
354 1046 545 1092 usquam
571 1031 790 1092 prorepit,
816 1041 863 1077 et
882 1031 972 1077 illis
998 1031 1139 1078 utitur
1165 1029 1274 1078 ante

212 1096 444 1146 Quaesitis
469 1098 686 1159 sapiens:
722 1113 866 1158 quum
891 1107 935 1144 te
961 1113 1112 1158 neque
1139 1098 1344 1144 fervidus
1373 1105 1511 1142 aestus

212 1161 380 1208 Dnnox
385 1171 460 1209 eat
483 1163 630 1221 lucro,
655 1179 807 1224 neque
833 1162 998 1221 hiemS,
1026 1164 1164 1225 ignis,
1190 1179 1336 1222 mare,
1363 1162 1578 1209 ferrum··
1552 1198 1563 1219 ,

212 1227 295 1274 Nil
321 1228 472 1275 obstet
494 1228 594 1288 tibi,
620 1229 732 1275 dum
758 1245 816 1275 ne
841 1229 899 1275 sit
922 1238 967 1275 te
993 1229 1130 1276 ditior
1155 1230 1283 1276 alter.
1731 1220 1796 1274 40

211 1294 347 1344 Quid
369 1295 501 1357 juvat
527 1295 807 1341 immensum
833 1305 878 1340 te
904 1295 1086 1356 argenti
1111 1296 1295 1357 pondus
1318 1303 1366 1341 et
1384 1293 1482 1340 auri

213 1359 395 1406 Furtim
421 1361 606 1407 defossa
625 1361 840 1406 timidum
867 1360 1102 1422 deponere
1126 1361 1248 1407 terra
1260 1362 1347 1407 'l—

211 1426 375 1484 Quod,
413 1427 450 1473 si
476 1427 787 1485 comminuas,
814 1427 952 1473 vilem
978 1427 1215 1489 redigatur
1240 1428 1298 1473 ad
1324 1440 1559 1472 assem.—

213 1493 295 1550 At,
321 1492 368 1538 ni
395 1493 440 1539 id
465 1493 531 1552 fit,
556 1493 667 1554 quid
695 1493 834 1539 habet
857 1493 1040 1555 pulchri
1066 1503 1363 1541 constructus
1388 1491 1619 1538 acervus?

214 1556 368 1604 Millia
393 1559 615 1605 frumenti
641 1569 720 1604 tua
744 1559 920 1605 triverit
944 1575 1052 1606 area
1072 1559 1295 1615 centum;
1730 1555 1795 1604 45

214 1624 324 1671 Non
349 1634 457 1670 tuus
482 1626 571 1672 hoc
596 1625 750 1687 capiet
775 1631 933 1671 venter
957 1625 1061 1687 plus
1083 1623 1223 1687 'quam
1248 1639 1408 1671 meus:
1445 1631 1513 1683 ut,
1535 1621 1576 1669 si

214 1690 494 1737 Reticulum
519 1692 655 1753 panis
681 1690 868 1737 venales
894 1691 1014 1738 inter
1037 1701 1206 1739 onusto
1519 1709 1521 1711 ·

214 1755 357 1804 Forte
385 1758 526 1803 vehas
553 1758 764 1815 humero,
790 1756 938 1804 nihilo
964 1757 1068 1819 plus
1093 1757 1298 1819 accipias
1321 1754 1462 1817 quam

217 1823 321 1875 Qui
348 1824 410 1869 nil
437 1823 644 1885 portarit.
705 1823 792 1869 Vel
820 1823 914 1882 dic,
938 1823 1047 1884 quid
1073 1824 1244 1870 referat
1268 1823 1388 1869 intra

213 1889 410 1935 Naturae
436 1890 553 1935 fines
578 1889 767 1947 viventi,
787 1889 954 1951 jugera
977 1899 1186 1948 centum,
1213 1905 1271 1935 an
1729 1885 1795 1934 50

214 1954 348 2002 Mille
373 1965 472 2002 aret
485 1956 639 2002 'l——At
663 1971 803 2001 suave
828 1965 898 2002 est
921 1971 980 2001 ex
1004 1971 1176 2018 magno
1199 1955 1360 2002 tollere
1384 1967 1631 2000 acervo.—

214 2021 341 2067 Dum
366 2038 424 2068 ex
448 2038 588 2083 parvo
612 2020 746 2067 nobis
770 2022 1045 2068 tantundem
1074 2022 1258 2068 haurire
1283 2020 1532 2081 relinquas,

213 2088 312 2134 Cur
337 2097 417 2133 tua
442 2085 547 2162 plus
571 2087 733 2133 laudes
759 2088 963 2133 cumeris
986 2088 1201 2150 granaria
1227 2085 1428 2133 nostris?

215 2153 293 2211 Ut,
319 2154 402 2199 tibi
428 2154 465 2199 si
492 2155 550 2199 sit
572 2169 689 2215 opus
714 2153 875 2214 liquidi
901 2170 992 2199 non
1020 2153 1218 2215 amplius
1244 2167 1378 2210 urna,

214 2219 302 2266 Vel
329 2235 383 2280 cy
376 2220 514 2278 atho,
540 2228 586 2266 et
611 2219 768 2265 dicas:
811 2217 1041 2281 “Magno
1065 2219 1123 2265 de
1148 2218 1340 2264 flumine
1359 2215 1563 2274 mallem,
1726 2214 1792 2262 55

212 2284 375 2335 Quam
402 2302 460 2331 ex
485 2259 572 2332 lioc
598 2284 822 2332 fonticulo
845 2283 1122 2331 tantundem
1149 2300 1346 2331 sumere.
1352 2284 1378 2305 '’
1450 2279 1523 2328 Εό
1548 2280 1598 2330 fit

215 2351 406 2397 Plenior
432 2360 483 2397 ut
507 2351 544 2397 si
568 2367 683 2412 quos
707 2350 909 2397 delectet
933 2351 1067 2413 copia
1086 2351 1228 2412 justo,

215 2418 338 2463 Cum
367 2417 466 2478 ripa
491 2417 626 2463 simul
652 2416 834 2463 avulsos
860 2417 975 2463 ferat
1001 2417 1202 2463 Aufidus
1227 2431 1358 2463 acer:

217 2483 283 2529 At
306 2484 383 2544 qui
409 2482 589 2530 tantulo
608 2492 715 2542 eget
738 2492 910 2544 quanto
933 2492 1004 2530 est
1026 2499 1158 2545 opus,
1184 2483 1222 2528 is
1246 2497 1397 2543 neque
1421 2481 1534 2529 limo

216 2548 478 2595 Turbatam
505 2548 658 2595 haurit
682 2565 864 2610 aquam,
885 2564 1038 2612 neque
1062 2549 1201 2595 vitam
1226 2547 1394 2594 amittit
1417 2548 1464 2593 in
1491 2545 1643 2592 undis,
1725 2544 1791 2592 60

283 2615 349 2660 At
374 2615 495 2660 bona
519 2631 625 2676 pars
650 2614 890 2661 homiuum
918 2615 1115 2676 decepta
1139 2614 1360 2676 cupidine
1385 2612 1514 2671 salso,

217 2683 247 2704 “
271 2679 350 2725 Nil
373 2679 484 2726 satis
504 2681 621 2736 est,''
644 2679 818 2741 inquit;
845 2684 872 2704 ‘⁶
894 2680 1003 2741 quia
1018 2688 1150 2738 tanti,
1169 2688 1392 2741 quantum
1416 2678 1606 2736 habeaS,
1625 2676 1735 2723 si8.''

214 2745 347 2795 Quid
377 2745 518 2791 facias
539 2746 606 2793 'illi
626 2747 640 2792 ἰ
671 2746 838 2808 jubeas
860 2747 1080 2792 miserum
1104 2761 1226 2804 esse,
1250 2745 1447 2791 libenter

214 2811 472 2860 Quatenus
498 2811 543 2857 id
570 2811 708 2857 facit:
746 2820 795 2857 ut
818 2812 1005 2872 quidam
1031 2820 1312 2857 memoratur
1339 2808 1558 2867 AtheniS,

218 2876 447 2923 Sordidus
471 2892 527 2922 ac
551 2878 695 2935 diveS,
719 2877 877 2938 populi
902 2885 1202 2924 contemnere
1227 2891 1363 2922 voces
1721 2873 1787 2920 65

219 2942 302 2988 Sic
326 2942 514 2988 solitus:
552 2946 580 2966 “
602 2942 806 3003 Populus
832 2958 905 2988 me
930 2942 1109 2996 sibilat;
1147 2951 1192 2988 at
1217 2941 1330 2986 mihi
1356 2940 1526 3002 plaudo

218 3007 328 3069 Ipse
353 3007 495 3066 domi,
521 3006 658 3053 simul
685 3023 740 3052 ac
765 3023 982 3054 nummos
1005 3006 1293 3068 contemplor
1318 3007 1364 3052 in
1391 3006 1545 3054 arcal'

218 3072 453 3120 Tantalus
476 3090 501 3119 a
528 3072 669 3118 labris
688 3072 849 3118 sitiens
875 3071 1100 3134 fugientia
1124 3081 1280 3134 captat

219 3138 455 3185 Flumina.
513 3138 644 3188 Quid
672 3138 829 3184 rides‘l
864 3147 1041 3184 mutato
1065 3137 1255 3184 nomine
1279 3138 1338 3183 de
1361 3146 1407 3185 te

221 3203 403 3250 Fabula
426 3213 665 3251 narratur:
702 3203 937 3265 congestis
960 3202 1166 3264 undique
1191 3203 1343 3249 saccis
1720 3196 1786 3243 70
