1924 3412
761 223 991 284 ΕΡοῡοΝ
1021 223 1207 264 LIBER.

420 340 651 405 Priusque
675 343 846 390 coelum
872 343 992 390 sidet
1016 343 1211 390 inferius
1235 342 1368 402 mari,

683 408 878 455 Tellure
900 409 1116 471 porrecta
1141 423 1295 470 super,

416 472 584 525 Quam
608 468 884 522 non‘amore
909 475 977 520 sie
1001 490 1107 520 meo
1134 473 1318 536 flagres,
1343 471 1411 521 uti

684 540 904 587 Bitumeu
930 540 1043 586 atris
1066 541 1300 601 ignibus.'’
1542 598 1549 605 χ

421 602 523 653 Sub
548 606 650 652 haec
674 622 790 667 puer
808 606 907 668 jam
930 621 1041 663 non,
1060 611 1117 652 'ut
1143 605 1271 664 ante,
1297 605 1514 652 mollibus

683 671 854 718 Lenire
879 672 1031 718 verbis
1057 672 1245 732 impias3

422 737 536 796 Sed,
560 737 732 784 dubius
757 738 883 783 unde
906 746 1145 799 rumperet
1168 737 1422 797 silentium,

684 802 815 850 Misit
840 802 1106 864 Thyesteas
1130 819 1321 865 preces:

420 872 452 893 “
469 869 688 928 Venena,
715 885 940 931 magnum
966 869 1034 915 fas
1058 869 1296 930 nefasque,
1323 869 1597 916 non.valent

686 934 972 981 Convertere
999 936 1250 981 humanam
1277 935 1441 981 vicem.

420 999 549 1047 Diris
573 1016 709 1062 agam
734 1017 843 1048 vos:
879 1001 981 1047 dira
1004 1001 1251 1048 detestatio

682 1065 731 1111 N
737 1067 830 1118 ulla
854 1067 1066 1128 expiatur
1091 1066 1295 1113 victima.
1341 1120 1343 1122 v

415 1131 571 1191 Quin,
595 1131 674 1178 ubi
699 1133 850 1194 perire
870 1135 1028 1192 jussus
1051 1132 1361 1201 exspiravero‚

682 1197 960 1245 Nocturnus
981 1214 1228 1245 occurram
1254 1198 1422 1257 Furor,

419 1263 675 1325 Petamque
698 1264 851 1310 vultus
876 1265 1042 1311 umbra
1064 1265 1218 1310 curvis
1244 1265 1497 1327 unguibus,

680 1329 807 1380 Quae
832 1331 900 1376 vis
925 1329 1135 1377 Deorum
1159 1344 1229 1376 est
1254 1329 1499 1388 Manium3

419 1394 482 1442 Et
506 1395 727 1457 inquietis
752 1396 972 1442 adsidens
997 1397 1283 1458 praeoordiis,

568 1511 570 1513 ,
682 1461 858 1508 Pavore
883 1478 1070 1509 somnos
1089 1462 1310 1517 auferam.

418 1527 518 1574 Vos
541 1527 678 1574 turba
702 1528 890 1575 vicatim
918 1529 1027 1575 hino
1050 1538 1096 1574 et
1121 1529 1233 1576 hinc
1259 1528 1381 1574 saxis
1398 1537 1563 1590 petens

681 1593 955 1641 Contundet
977 1595 1226 1641 obscoenas
1248 1610 1380 1640 anuS.

417 1655 533 1706 Post
556 1659 791 1721 insepulta
818 1660 1027 1706 membra
1050 1660 1270 1706 different
1291 1660 1390 1722 lupi

681 1724 742 1771 Et
768 1725 1025 1787 Esquilinae
1051 1726 1212 1772 alites:

417 1788 588 1852 Neque
613 1791 702 1837 hoo
726 1801 962 1852 parentes,
989 1791 1107 1837 heu!
1148 1791 1260 1837 mihi
1286 1791 1583 1853 superstites!

681 1855 912 1920 Effugerit
935 1857 1304 1919 spectaculum.''

837 2186 977 2234 ODE
1014 2186 1102 2235 VI.

384 2300 436 2333 m
473 2301 684 2332 CASSIUM
722 2300 972 2343 SEVERUM,
1008 2301 1210 2332 ΡΟΕΤΑΜ
1246 2303 1556 2338 MALEDICUM.

412 2381 556 2434 Qum
582 2383 882 2430 immerentes
906 2384 1110 2445 hospites
1136 2401 1289 2443 vexas,
1315 2387 1463 2448 canis,

678 2447 884 2509 Ignavus
908 2450 1152 2496 adversum
1179 2451 1343 2512 lupos?

412 2514 552 2564 Quin
578 2515 670 2559 huc
698 2514 878 2571 inanes,
902 2515 940 2560 si
966 2524 1112 2577 potes,
1139 2517 1276 2562 vertis
1301 2518 1470 2578 minas,

683 2579 741 2626 Et
767 2595 840 2626 me
867 2596 1181 2626 remorsurum
1207 2583 1358 2644 petis?

417 2645 561 2704 Nam,
586 2645 736 2707 qualis
760 2654 838 2691 aut
865 2644 1097 2692 Molossus
1122 2656 1202 2693 aut
1228 2647 1378 2695 sulvus
1401 2649 1578 2711 Lacon,

681 2711 848 2757 Amica
876 2711 942 2756 vis
967 2712 1243 2773 pastoribus,

417 2777 573 2839 Agam
597 2793 678 2839 per
704 2776 819 2823 altas
845 2793 956 2823 aure
981 2777 1162 2824 sublata
1187 2778 1332 2838 nives,

674 2841 991 2904 Quaecunque
1015 2843 1249 2904 praeeedet
1274 2845 1382 2893 fera.

416 2906 516 2967 Tu,
538 2924 681 2969 quum
707 2908 916 2954 timenda
942 2924 1054 2954 voce
1079 2908 1322 2972 complesti
1350 2927 1532 2973 nemus,

681 2972 947 3035 Projectum
970 2973 1179 3022 odoraris
1203 2976 1374 3023 cibum.

417 3037 564 3097 Cave,
588 3053 718 3097 eave,
744 3054 943 3100 namque
969 3039 1016 3085 in
1042 3040 1186 3087 malos
1210 3042 1490 3104 asperrimus

679 3103 843 3151 Parata
869 3103 980 3152 tollo
1003 3121 1206 3154 cornua:

1730 227 1792 276 81

1694 1056 1707 1071 ⁷
1727 1062 1793 1114 90

1727 1395 1793 1442 95

1699 1726 1792 1774 100

1723 2978 1784 3026 10
