1936 3450
186 224 281 273 104
730 223 781 270 Q.
811 223 1053 264 HORATII
1069 224 1286 265 -FLAcci

743 454 745 456 ,
808 408 1070 458 SATIRA
1105 394 1223 456 VI(
1287 430 1289 438 ‹

771 523 838 554 AD
872 516 1216 556 MAECENATEM.
1236 500 1245 502 ‚

246 604 382 666 NON,
406 605 531 668 quia,
556 603 812 665 MaecenaS‚
838 605 1076 668 Lydorum
1100 606 1328 669 quidquid
1352 607 1577 657 Etruscos

247 672 454 719 Incoluit
477 671 612 730 fineS,
636 688 777 718 nemo
800 672 1069 734 generosior
1093 681 1164 719 est
1186 682 1258 730 te;
1528 677 1530 681 '

248 738 356 785 Nec
382 735 508 800 quod
533 753 645 783 avus
668 738 752 784 tibi
777 748 1019 794 maternus
1043 738 1131 786 fuit
1155 747 1292 800 atque
1316 748 1542 801 paternus

248 803 378 850 Olim
402 805 480 866 qui
505 804 690 865 magnis
712 803 978 865 legionibus
999 802 1333 869 imperitarent*
1342 822 1353 862 3
1546 846 1547 850 ,

248 869 311 916 Ut
332 870 543 931 plerique
568 869 731 928 solent,
757 885 871 916 naso
895 870 1142 931 suspendis
1166 871 1353 918 adunco
1781 871 1812 919 5

249 935 458 997 Ignotos,
484 944 534 981 ut
557 951 632 981 me
656 936 874 982 libertino
896 945 1027 997 patre
1053 946 1215 982 natum
1237 953 1247 982 :

246 1003 414 1051 Quum
440 1001 610 1048 referre
634 1018 796 1064 negas,
820 1002 1028 1064 quali‘sit
1051 1002 1245 1064 quisque
1268 1011 1462 1065 parente

247 1068 417 1126 Natus,
443 1069 554 1113 dum
579 1068 827 1130 ingenuus.
898 1067 1159 1114 Persuades
1183 1069 1272 1115 hoc
1296 1068 1380 1115 tibi
1405 1067 1530 1130 vere,

247 1134 376 1180 Ante
400 1142 676 1196 potestatem
701 1132 833 1179 Tulli
858 1142 995 1195 atque
1020 1134 1225 1195 ignobile
1249 1150 1464 1196 regnum,

248 1199 424 1246 Multos
449 1197 572 1261 saepe
598 1200 718 1246 viros
742 1200 883 1245 nullis
907 1199 1159 1261 majoribus
1182 1209 1307 1247 ortos
1753 1202 1812 1249 10

247 1265 310 1312 Et
333 1266 500 1312 vixisse
525 1266 708 1327 probos,
734 1266 900 1327 amplis
924 1274 971 1313 et
995 1266 1250 1311 honoribus
1274 1274 1463 1313 auctos:

246 1330 441 1390 Contra,
466 1331 726 1389 Laevinum,
751 1331 911 1382 Valeri
935 1347 1101 1393 genus,
1126 1332 1253 1377 unde
1279 1332 1520 1394 Superbus

247 1398 535 1459 Tarquinius
554 1414 705 1459 *regno
729 1398 890 1459 pulsus
916 1398 1017 1456 fuit,
1042 1398 1182 1443 unius
1206 1398 1322 1444 assis

188 1461 209 1478 ”
247 1463 358 1510 Non
383 1480 589 1525 unquam
612 1464 760 1525 pretio
783 1464 928 1525 pluris
951 1463 1158 1522 licuisse,
1183 1473 1373 1510 notante

246 1530 435 1588 Judice,
459 1546 598 1591 quem
623 1529 763 1587 nosti,
787 1529 975 1591 populo,
999 1530 1077 1590 qui
1101 1530 1270 1576 stultus
1295 1531 1497 1578 honores
1753 1531 1812 1578 15

248 1594 384 1658 Saepe
411 1597 490 1642 dat
514 1596 722 1658 indignis
745 1605 792 1642 et
816 1596 949 1642 famae
974 1595 1113 1642 servit
1135 1596 1323 1658 ineptus
1338 1612 1355 1652 3*

245 1662 348 1712 Qui
373 1671 526 1724 stupet
549 1663 597 1708 in
622 1662 768 1708 titulis
791 1671 838 1708 et
861 1661 1157 1724 imaginibus.
1226 1661 1362 1711 Quid
1406 1671 1586 1725 oportet
1628 1685 1632 1696 ¹

246 1728 349 1775 Nos
374 1729 544 1785 facere,
570 1729 761 1790 avulgo
784 1726 924 1790 longe
949 1727 1136 1790 lateque
1160 1729 1394 1775 remotos?
1431 1745 1434 1747 “

246 1794 470 1856 Namque
490 1805 606 1854 esto,
630 1794 828 1856 populus
851 1794 1043 1841 Laevino
1066 1794 1226 1841 mallet
1250 1795 1495 1841 honorem.

244 1859 407 1911 Quam
434 1861 584 1908 Decio
609 1860 830 1907 mandare
855 1876 1001 1917 novo;
1038 1876 1302 1922 censorque«
1320 1869 1524 1908 moveret
1747 1861 1814 1909 20

247 1928 446 1989 Appius,
473 1928 679 1988 ingenuo
703 1927 742 1972 si
766 1943 860 1973 non
885 1942 1047 1989 essem*¹
1060 1936 1188 1988 patre
1214 1936 1377 1973 natus:

247 1994 336 2039 Vel
361 1991 545 2051 merito,
570 1994 788 2054 quoniam
815 1993 863 2039 in
886 1993 1072 2054 propria
1098 2009 1193 2039 non
1218 1993 1338 2055 pelle
1362 1990 1615 2055 quiessem.

249 2060 343 2105 Sed
369 2059 574 2121 fulgente
598 2060 738 2106 trahit
761 2060 1037 2106 constrictos
1060 2058 1220 2105 Gloria
1244 2074 1384 2104 curru
1411 2071 1413 2075 ’

248 2124 358 2171 Non
384 2124 542 2172 minus
566 2126 749 2187 ignotos
773 2125 1025 2188 generosis.
1093 2123 1209 2174 Quo
1235 2124 1334 2182 tibi,
1360 2123 1508 2184 Tulli,
1646 2171 1648 2175 ,

249 2192 447 2237 Sumere
472 2192 731 2253 depositum
758 2192 957 2248 clavum,
985 2181 1174 2251 flerique
1199 2191 1418 2237 tribuno?
1745 2191 1811 2238 25

249 2256 432 2303 Invidia
457 2258 676 2315 accrevit,
698 2258 878 2318 privato
900 2272 1004 2317 quae
1028 2257 1179 2303 minor
1202 2265 1354 2313 esset3

247 2322 393 2381 Nam,
419 2332 469 2369 ut
492 2323 685 2384 quisque
710 2324 904 2369 insanus
929 2322 1074 2384 nigris
1101 2322 1305 2368 medium
1331 2322 1546 2385 impediit
1568 2337 1677 2369 crus

248 2389 473 2448 Pellibus,
498 2398 544 2435 et
566 2390 710 2435 latum
737 2389 922 2435 demisit
945 2397 1131 2450 pectore
1156 2388 1355 2446 clavum,

248 2456 398 2501 Audit
417 2454 659 2513 continuo,
682 2455 852 2505 “Quis
872 2456 1010 2501 homo
1029 2454 1106 2500 hic
1120 2455 1168 2500 ‘l'’
1198 2464 1260 2513 et,
1282 2458 1310 2479 “
1326 2454 1442 2504 Quo
1458 2463 1589 2517 patre
1607 2462 1745 2502 natus
1759 2454 1808 2501 'l''

248 2519 326 2579 Ut,
352 2522 390 2567 si
414 2522 492 2582 qui
518 2531 710 2583 aegrotet
732 2538 823 2583 quo
847 2521 1008 2567 morbo
1032 2520 1220 2579 Barrus,
1246 2520 1406 2567 haberi
1749 2520 1819 2567 30⁴

248 2587 312 2633 Ut
335 2588 492 2649 cupiat
517 2587 760 2646 formosus,
785 2597 860 2633 eat
883 2587 1178 2648 quacunque,
1203 2586 1369 2647 puellis

250 2651 440 2714 Injiciat
463 2670 622 2700 curam
648 2653 888 2714 quaerendi
912 2652 1111 2713 singula,
1135 2652 1260 2714 quali

251 2719 323 2764 Sit
348 2719 482 2777 facie,
507 2720 615 2765 sura
634 2720 774 2780 quali,
799 2719 935 2780 pede,
960 2718 1117 2776 dente,
1141 2717 1338 2779 capillo:

252 2784 334 2831 Sic
357 2785 434 2845 qui
458 2785 697 2846 promittit,
723 2785 864 2842 cives,
890 2783 1064 2830 Urbem
1089 2783 1175 2834 sibi
1199 2798 1340 2841 curae,

251 2849 508 2911 Imperium
529 2850 639 2908 fore,
664 2859 710 2896 et
735 2850 935 2908 Italiam,
960 2858 1007 2895 et
1027 2849 1222 2899 delubra
1244 2849 1438 2894 deorum
1458 2865 1469 2906 ;
1749 2849 1813 2896 35

250 2915 365 2965 Quo
386 2925 516 2977 patre
539 2916 598 2960 sit
623 2924 775 2974 natus,
800 2931 912 2962 num
937 2915 1096 2976 ignota
1119 2923 1264 2960 matre
1289 2914 1579 2974 inhonestus,

253 2981 435 3027 Omnes
459 2981 675 3027 mortales
699 2997 863 3027 curare
887 2988 934 3026 et
955 2995 1162 3040 quaerere
1185 2979 1394 3041 cogit.—

253 3046 396 3094 Tune
423 3046 544 3108 Syri,
569 3045 748 3104 Damae,
774 3054 854 3091 aut
877 3044 1075 3106 Dionysi
1101 3045 1238 3103 filius,
1263 3046 1409 3092 audes

254 3111 472 3174 Dejicere
495 3127 521 3158 e
545 3127 655 3158 saxo
678 3112 818 3170 cives,
838 3120 918 3157 aut
940 3112 1121 3157 tradere
1145 3111 1327 3158 Cadmo
1342 3113 1426 3157 'l—

256 3177 322 3225 At
346 3178 526 3227 Novius
551 3177 730 3240 collega
752 3177 897 3240 gradu
922 3186 1024 3240 post
1050 3193 1124 3226 me
1149 3177 1279 3225 sede?¹
1304 3193 1424 3225 uno:
1751 3175 1815 3223 40
