1976 3432
0 29 19 70 '⁴1¹'

688 256 1018 298 CARMINUM
1047 256 1154 298 LIB.
1185 258 1266 298 111.

483 376 741 440 Ridetque,
761 378 800 424 si
824 377 1030 425 mortalis
1054 378 1176 425 ultra

548 443 643 491 Eas
666 444 878 506 trepidat.
935 443 1084 493 Quod
1109 444 1256 502 adest,
1281 451 1519 490 memento

494 524 718 572 mponere
744 524 931 570 aequus:
968 518 1139 555 caetera
1163 507 1372 555 fluminis

474 577 542 623 itu
567 573 794 633 feruntur,
818 588 949 621 nunc
972 575 1129 625 medio
1152 574 1290 621 alveo>

489 641 614 688 Cum
637 656 755 702 pace
780 641 1041 687 delabentis
1065 640 1321 687 Etruscum

551 706 610 753 In
634 722 777 765 mare,
800 715 931 752 'nunc
955 706 1135 768 lapides
1158 706 1326 752 adesos

423 772 694 834 Stirpesque
717 780 873 834 raptas
895 780 941 818 et
964 787 1111 834 pecus
1133 771 1367 834 et'domos

421 838 667 886 Volventis
690 838 803 895 una,
827 853 921 884 non
947 838 1049 884 sine
1072 837 1305 884 montium

487 904 705 951 Clamore
730 903 989 964 vicinaeque
1013 903 1155 963 silvae,

555 969 723 1020 Quum
748 969 846 1015 fera
869 969 1067 1016 diluvies
1088 969 1271 1031 quietos

424 1035 583 1083 Irritat
606 1051 781 1081 amnes.
852 1034 940 1082 Ille
963 1043 1130 1098 potens
1154 1034 1227 1081 sui

422 1102 674 1163 Laetusque
698 1102 854 1162 deget,
880 1101 959 1147 cui
982 1101 1094 1147 licet
1118 1101 1167 1147 in
1192 1101 1319 1147 diem
1339 1127 1341 1129 ·

488 1167 692 1226 Dixisse,
718 1170 746 1190 “
764 1166 876 1213 Vixi
892 1167 918 1188 '’
939 1183 948 1213 :
985 1183 1090 1213 cras
1113 1166 1186 1213 vel
1205 1165 1307 1213 atra

554 1232 699 1279 Nube
722 1232 881 1294 polum
904 1232 1042 1279 Pater
1066 1241 1317 1294 occupato,

428 1299 512 1348 Vel
537 1299 632 1346 sole
655 1314 774 1360 puro
796 1315 806 1345 :
842 1315 948 1346 non-⁴
962 1307 1119 1345 tamen
1145 1299 1327 1345 irritum

418 1365 756 1426 Quodcunque
780 1374 901 1412 retro
923 1373 995 1412 est
1017 1364 1215 1422 efficiet3
1251 1379 1406 1427 neque

486 1431 715 1492 Diffinget
737 1430 1056 1492 infectumque
1080 1430 1244 1478 reddet

550 1497 696 1547 Quod
723 1495 907 1559 fugiens
931 1496 1075 1543 semel
1100 1497 1214 1543 hora
1236 1496 1373 1544 vexit.

421 1562 648 1620 Fortuna,
674 1578 795 1609 saevo
817 1562 923 1609 laeta
946 1563 1150 1625 negotio,
1175 1571 1223 1609 et

422 1629 613 1676 Ludum
638 1628 916 1675 insolentem
940 1628 1103 1675 ludere
1127 1628 1358 1690 pertinax,

491 1694 800 1741 Transmutat
824 1694 1032 1741 incertos
1056 1695 1274 1752 honores,

555 1759 701 1806 Nunc
725 1759 856 1817 mihi,
881 1775 1010 1806 nunc
1035 1760 1114 1806 alii
1138 1760 1357 1822 benigna.

423 1826 589 1874 Laudo
612 1834 910 1872 manentem:
947 1826 987 1872 si
1011 1826 1189 1872 celeres
1211 1825 1360 1887 quatit

424 1891 842 1953 Pennas‚‚resigno
865 1907 968 1953 quoe
993 1892 1138 1950 dedit,
1163 1900 1212 1938 et
1235 1891 1342 1938 mea

489 1958 676 2006 Virtute
700 1973 775 2003 me
799 1957 997 2016 involvo,
1021 1958 1308 2021 probamque

555 2023 832 2085 Pauperiem
857 2023 959 2070 sine
983 2024 1091 2070 dote
1114 2039 1285 2086 quaero.

423 2089 535 2137 Non
560 2098 630 2136 est
654 2105 829 2148 meum,
854 2090 892 2136 si
917 2090 1097 2152 mugiat
1120 2089 1297 2136 Africis

424 2154 583 2203 Malus
605 2155 837 2217 procelliS‚
863 2156 921 2201 ad
945 2156 1138 2203 miseras
1160 2170 1326 2217 preces

489 2221 770 2279 Decurrere,
795 2230 842 2268 et
864 2221 981 2268 votis
1003 2221 1180 2285 pacisci

554 2285 632 2333 Ne
657 2285 843 2349 Cypriis
867 2285 1119 2349 Tyriaeque
1143 2302 1326 2334 merces

425 2353 622 2399 Addant
645 2368 781 2399 avaro
805 2353 988 2399 divitias
1012 2353 1159 2403 mari..

423 2417 553 2465 Tum
578 2434 670 2475 me,
695 2418 886 2464 biremis
908 2419 1126 2480 praesidio
1149 2418 1352 2481 scaphae,

490 2482 669 2530 Tutum
695 2499 776 2545 per
801 2483 991 2546 AEgaeos
1013 2485 1241 2532 tumultus

555 2549 687 2595 Aura
712 2548 828 2596 seret
849 2550 1159 2612 geminusque
1183 2549 1363 2598 Pollux.

800 2825 941 2873 ODE
974 2824 1166 2876 XXIV.

426 2926 588 2974 Exnor
613 2935 969 2973 monumentum
995 2941 1086 2973 aere
1108 2926 1379 2989 perenniuS,

427 2992 690 3054 Regalique
714 2992 805 3038 situ
829 2991 1119 3053 pyramidum
1146 2993 1305 3051 altius;

427 3056 573 3108 Quod
599 3073 691 3103 non
718 3057 864 3103 imber
888 3058 1024 3115 edax,
1049 3073 1143 3105 non
1170 3059 1343 3120 Aquilo
1366 3060 1598 3123 impotens

428 3121 582 3169 Possit
604 3122 804 3180 diruere,
829 3131 907 3169 aut
931 3123 1283 3171 innumerabilis

430 3188 677 3234 Annorum
702 3184 862 3247 series,
887 3197 934 3234 et
957 3188 1069 3250 fuga
1090 3197 1366 3252 temporum.

1579 236 1800 337 '259

1734 965 1802 1015 40
