1976 3432
709 272 1036 318 CARMINUM
1066 273 1172 318 LIB.
1205 278 1284 319 111.

501 393 704 442 Custos:
739 403 994 444 amatorem
1017 406 1242 446 trecentae

527 463 536 467 Α
567 460 830 518 Pirithoum
854 463 1087 528 cohibent⁴
1101 474 1295 515 catenae.

891 758 1032 824 om:
1054 761 1114 808 v.

434 860 590 908 COELo
612 867 855 907 tonantem
878 859 1163 907 credidimus
1176 856 1353 922 'Jorem
1438 920 1442 922 -

434 928 687 990 Regnare:
721 940 926 987 praesens
948 926 1082 973 divus
1106 926 1366 974 habebitur*

501 994 762 1055 Augustus,
787 991 982 1054 adjectis
1007 991 1243 1040 Britannis

566 1058 787 1120 Imperio,
811 1057 1122 1130 gravibusque
1146 1059 1313 1107 Persis.

436 1113 639 1173 Milesne
662 1124 823 1170 Crassi
846 1123 1046 1185 conjuge
1071 1123 1267 1171 barbara

434 1190 612 1254 Turpis
635 1190 828 1237 maritus
852 1189 988 1236 vixit!
1025 1197 1072 1236 et
1095 1190 1298 1237 hostium

504 1257 652 1322 (Proh
675 1256 822 1313 ouria,
847 1255 1109 1316 inversique
1132 1257 1379 1330 moresl)

566 1322 829 1370 Consenuit
851 1337 1115 1368 socerorum
1139 1338 1188 1369 m
1213 1324 1348 1382 arvis,

435 1391 536 1440 Sub
558 1406 668 1451 rege
692 1387 853 1446 Medo,
878 1387 1064 1433 Marsus
1086 1396 1134 1451 et
1156 1389 1388 1451 Appulus,

435 1457 731 1506 Anciliorum
754 1463 801 1501 et
824 1453 1027 1500 nominis
1049 1462 1097 1500 et
1119 1463 1239 1516 togae

499 1523 706 1580 Oblitus,
732 1529 1010 1581 aeternaeque
1034 1519 1209 1579 Vestae,

565 1586 798 1635 Incolumi
822 1585 941 1633 Jove
963 1594 1012 1632 et
1033 1582 1149 1633 urbe
1174 1587 1358 1636 Roma!

434 1656 543 1703 Hoc
566 1662 752 1701 caverat
774 1667 907 1698 mens
929 1651 1121 1713 provida
1143 1652 1337 1716 Reguli,

434 1720 769 1769 Dissentientis
792 1717 1147 1764 conditionibus

498 1787 673 1845 Foedis,
698 1795 745 1832 et
766 1782 979 1846 exemplo
1000 1783 1202 1841 trahenti

560 1852 826 1899 Perniciem
849 1850 1041 1896 veniens
1064 1849 1113 1895 in
1137 1866 1304 1911 aevum,

435 1921 488 1968 Si
510 1935 606 1966 non
628 1918 800 1981 periret
822 1916 1166 1963 immiserabilis

433 1986 630 2049 Captiva
650 1984 811 2046 pubes.
870 1986 898 2007 “
917 1982 1065 2045 Signa
1087 1998 1176 2046 ego
1198 1982 1391 2031 Punicis

501 2051 659 2099 Affixa
681 2049 902 2107 delubriS‚
925 2057 972 2095 et
995 2064 1124 2095 arma

563 2116 793 2164 Militibus
816 2116 917 2162 sine
941 2115 1118 2174 caede‚’'
1139 2115 1271 2175 dixit,

433 2189 463 2211 “
484 2183 681 2246 Direpta
704 2182 826 2229 vidi:
862 2181 957 2228 vidi
980 2197 1069 2243 ego
1093 2181 1266 2228 civium

431 2252 632 2299 Retorta
653 2260 784 2311 tergo
808 2247 1001 2294 brachia
1022 2247 1185 2306 libero,

497 2317 754 2377 Portasque
777 2329 872 2360 non
895 2314 1094 2373 clausas,
1118 2321 1166 2360 et
1189 2328 1299 2360 arva

563 2380 717 2427 Marte
741 2379 830 2426 coli
854 2379 1072 2442 populata
1094 2388 1266 2426 nostro.

432 2448 566 2495 Auro
588 2462 813 2508 repensus
835 2445 1016 2491 scilicet
1039 2446 1189 2492 acrior

432 2513 573 2560 Miles
596 2512 795 2559 redibit?
851 2509 1052 2573 Flagitio
1075 2510 1246 2557 additis

497 2580 749 2626 Damnum.
801 2574 969 2638 Neque
993 2576 1186 2622 amissos
1210 2575 1389 2623 colores

562 2644 695 2691 Lana
717 2642 856 2690 refert
880 2642 1111 2690 medicata
1135 2642 1265 2698 fuoo;

432 2710 539 2758 Neo
562 2725 669 2757 vera
691 2709 852 2766 virtus,
875 2723 1017 2770 quum
1042 2708 1186 2755 semel
1210 2708 1401 2769 excidit,

430 2777 580 2825 Curat
599 2775 760 2837 reponi
783 2774 1103 2821 deterioribus.

497 2842 549 2889 Si
571 2851 750 2903 pugnat
767 2839 993 2887 extricata
1016 2839 1175 2886 densis

559 2907 711 2954 Cerva
732 2906 907 2969 plagis;
943 2906 1031 2953 erit
1049 2905 1126 2952 ille
1150 2905 1294 2965 fortis,

431 2972 534 3025 Qui
556 2972 744 3035 perfidis
769 2988 818 3018 se
842 2972 1041 3019 credidit
1066 2972 1302 3030 hostibus;

435 3038 498 3085 Et
521 3037 673 3085 Marte
693 3038 862 3086 Poenos
883 3046 1086 3099 proteret
1108 3038 1270 3097 altero,

496 3103 599 3153 Qui
623 3103 720 3151 lora
742 3103 965 3151 restrictis
987 3102 1173 3151 lacertis

578 3169 735 3215 Sensit
758 3169 898 3227 inere,
922 3169 1165 3230 timuitque
1189 3178 1398 3218 mortem.

435 3232 550 3293 Hic,
573 3234 698 3280 unde
721 3234 860 3280 vitam
885 3243 1088 3281 sumeret
1111 3235 1304 3294 inscius,

1732 283 1807 332 ‘43

1754 1459 1814 1507 10

1742 2777 1807 2826 30
