<?xml version="1.0" encoding="UTF-8"?>
<!DOCTYPE html PUBLIC "-//W3C//DTD XHTML 1.0 Transitional//EN"
    "http://www.w3.org/TR/xhtml1/DTD/xhtml1-transitional.dtd">
<html xmlns="http://www.w3.org/1999/xhtml" xml:lang="en" lang="en">
 <head>
  <title>
</title>
<meta http-equiv="Content-Type" content="text/html;charset=utf-8" />
  <meta name='ocr-system' content='tesseract 3.04.00' />
  <meta name='ocr-capabilities' content='ocr_page ocr_carea ocr_par ocr_line ocrx_word'/>
</head>
<body>
  <div class='ocr_page' id='page_1' title='image "./operaacceduntcla00horauoft_0063.png"; bbox 0 0 1976 3432; ppageno 0'>
   <div class='ocr_carea' id='block_1_1' title="bbox 701 227 1282 303">
    <p class='ocr_par' dir='ltr' id='par_1_1' title="bbox 701 227 1282 303">
     <span class='ocr_line' id='line_1_1' title="bbox 701 227 1282 303; baseline -0.005 -1"><span class='ocrx_word' id='word_1_1' title='bbox 701 227 1033 303; x_wconf 77' lang='lat' dir='ltr'><strong>CARMINUM</strong></span> <span class='ocrx_word' id='word_1_2' title='bbox 1061 259 1169 301; x_wconf 86' lang='lat' dir='ltr'>LIB.</span> <span class='ocrx_word' id='word_1_3' title='bbox 1199 258 1282 299; x_wconf 89' lang='lat'>111.</span> 
     </span>
    </p>
   </div>
   <div class='ocr_carea' id='block_1_2' title="bbox 360 377 1376 560">
    <p class='ocr_par' dir='ltr' id='par_1_2' title="bbox 360 377 1376 560">
     <span class='ocr_line' id='line_1_2' title="bbox 620 377 1376 456; baseline -0.005 -27"><span class='ocrx_word' id='word_1_4' title='bbox 620 381 773 456; x_wconf 80' lang='lat' dir='ltr'>Velox</span> <span class='ocrx_word' id='word_1_5' title='bbox 793 388 952 428; x_wconf 85' lang='lat' dir='ltr'>mente</span> <span class='ocrx_word' id='word_1_6' title='bbox 974 378 1129 427; x_wconf 68' lang='lat' dir='ltr'>nova?</span> <span class='ocrx_word' id='word_1_7' title='bbox 1182 377 1376 430; x_wconf 76' lang='lat' dir='ltr'>Quibus</span> 
     </span>
     <span class='ocr_line' id='line_1_3' title="bbox 360 446 1138 511; baseline -0.012 -12"><span class='ocrx_word' id='word_1_8' title='bbox 360 449 541 499; x_wconf 87' lang='lat' dir='ltr'>Antris</span> <span class='ocrx_word' id='word_1_9' title='bbox 549 447 727 511; x_wconf 85' lang='lat' dir='ltr'>egregii</span> <span class='ocrx_word' id='word_1_10' title='bbox 750 446 952 494; x_wconf 82' lang='lat' dir='ltr'>Caesaris</span> <span class='ocrx_word' id='word_1_11' title='bbox 975 446 1138 492; x_wconf 87' lang='lat' dir='ltr'>audiar</span> 
     </span>
     <span class='ocr_line' id='line_1_4' title="bbox 623 510 1304 560; baseline -0.006 0"><span class='ocrx_word' id='word_1_12' title='bbox 623 513 876 560; x_wconf 88' lang='lat' dir='ltr'>AEternum</span> <span class='ocrx_word' id='word_1_13' title='bbox 899 513 1133 559; x_wconf 86' lang='lat' dir='ltr'>meditans</span> <span class='ocrx_word' id='word_1_14' title='bbox 1156 510 1304 557; x_wconf 87' lang='lat' dir='ltr'>decus</span> 
     </span>
    </p>
   </div>
   <div class='ocr_carea' id='block_1_3' title="bbox 308 575 1419 1496">
    <p class='ocr_par' dir='ltr' id='par_1_3' title="bbox 308 575 1419 1496">
     <span class='ocr_line' id='line_1_5' title="bbox 308 575 1219 630; baseline -0.009 0"><span class='ocrx_word' id='word_1_15' title='bbox 308 612 314 617; x_wconf 54' lang='lat'>2</span> <span class='ocrx_word' id='word_1_16' title='bbox 362 579 555 630; x_wconf 81' lang='lat' dir='ltr'>stellis</span> <span class='ocrx_word' id='word_1_17' title='bbox 543 595 749 627; x_wconf 77' lang='lat' dir='ltr'>inserere</span> <span class='ocrx_word' id='word_1_18' title='bbox 772 587 820 625; x_wconf 88' lang='lat' dir='ltr'>et</span> <span class='ocrx_word' id='word_1_19' title='bbox 842 577 1038 625; x_wconf 80' lang='lat' dir='ltr'>consilio</span> <span class='ocrx_word' id='word_1_20' title='bbox 1061 575 1219 624; x_wconf 62' lang='lat' dir='ltr'>Jovisz</span> 
     </span>
     <span class='ocr_line' id='line_1_6' title="bbox 625 641 1412 705; baseline -0.005 -14"><span class='ocrx_word' id='word_1_21' title='bbox 625 643 831 691; x_wconf 83' lang='lat' dir='ltr'><strong>Dicam</strong></span> <span class='ocrx_word' id='word_1_22' title='bbox 820 644 1023 705; x_wconf 85' lang='lat' dir='ltr'>msigne,</span> <span class='ocrx_word' id='word_1_23' title='bbox 1047 658 1230 701; x_wconf 89' lang='lat' dir='ltr'>recens,</span> <span class='ocrx_word' id='word_1_24' title='bbox 1255 641 1412 688; x_wconf 89' lang='lat' dir='ltr'>adhuc</span> 
     </span>
     <span class='ocr_line' id='line_1_7' title="bbox 362 707 1388 770; baseline -0.007 -10"><span class='ocrx_word' id='word_1_25' title='bbox 362 712 604 760; x_wconf 91' lang='lat' dir='ltr'>Indictum</span> <span class='ocrx_word' id='word_1_26' title='bbox 626 726 707 757; x_wconf 91' lang='lat' dir='ltr'>ore</span> <span class='ocrx_word' id='word_1_27' title='bbox 715 709 835 756; x_wconf 89' lang='lat' dir='ltr'>alio.</span> <span class='ocrx_word' id='word_1_28' title='bbox 891 707 1004 756; x_wconf 92' lang='lat' dir='ltr'>Non</span> <span class='ocrx_word' id='word_1_29' title='bbox 1029 724 1167 755; x_wconf 88' lang='lat' dir='ltr'>secus</span> <span class='ocrx_word' id='word_1_30' title='bbox 1192 707 1241 754; x_wconf 91' lang='lat' dir='ltr'>in</span> <span class='ocrx_word' id='word_1_31' title='bbox 1259 707 1388 770; x_wconf 87' lang='lat' dir='ltr'>jugis</span> 
     </span>
     <span class='ocr_line' id='line_1_8' title="bbox 624 773 1235 837; baseline -0.007 -14"><span class='ocrx_word' id='word_1_32' title='bbox 624 775 876 823; x_wconf 84' lang='lat' dir='ltr'>Exsomnis</span> <span class='ocrx_word' id='word_1_33' title='bbox 900 783 1055 837; x_wconf 88' lang='lat' dir='ltr'>stupet</span> <span class='ocrx_word' id='word_1_34' title='bbox 1077 773 1235 834; x_wconf 78' lang='lat' dir='ltr'>Evias,</span> 
     </span>
     <span class='ocr_line' id='line_1_9' title="bbox 363 839 1383 906; baseline -0.007 -14"><span class='ocrx_word' id='word_1_35' title='bbox 363 844 579 892; x_wconf 86' lang='lat' dir='ltr'>Hebrum</span> <span class='ocrx_word' id='word_1_36' title='bbox 602 841 906 906; x_wconf 80' lang='lat' dir='ltr'>prospiciens,</span> <span class='ocrx_word' id='word_1_37' title='bbox 930 851 978 888; x_wconf 88' lang='lat' dir='ltr'>et</span> <span class='ocrx_word' id='word_1_38' title='bbox 1000 841 1106 889; x_wconf 84' lang='lat' dir='ltr'>nive</span> <span class='ocrx_word' id='word_1_39' title='bbox 1131 839 1383 886; x_wconf 86' lang='lat' dir='ltr'>candidam</span> 
     </span>
     <span class='ocr_line' id='line_1_10' title="bbox 625 905 1308 969; baseline -0.004 -14"><span class='ocrx_word' id='word_1_40' title='bbox 625 907 867 966; x_wconf 88' lang='lat' dir='ltr'>Thracen,</span> <span class='ocrx_word' id='word_1_41' title='bbox 890 923 946 953; x_wconf 87' lang='lat' dir='ltr'>ac</span> <span class='ocrx_word' id='word_1_42' title='bbox 968 907 1088 969; x_wconf 90' lang='lat' dir='ltr'>pede</span> <span class='ocrx_word' id='word_1_43' title='bbox 1112 905 1308 952; x_wconf 88' lang='lat' dir='ltr'>barbaro</span> 
     </span>
     <span class='ocr_line' id='line_1_11' title="bbox 363 970 1356 1038; baseline -0.007 -15"><span class='ocrx_word' id='word_1_44' title='bbox 363 975 630 1024; x_wconf 88' lang='lat' dir='ltr'>Lustratam</span> <span class='ocrx_word' id='word_1_45' title='bbox 654 974 936 1038; x_wconf 81' lang='lat' dir='ltr'>Rhodopen.</span> <span class='ocrx_word' id='word_1_46' title='bbox 996 972 1059 1019; x_wconf 88' lang='lat' dir='ltr'>Ut</span> <span class='ocrx_word' id='word_1_47' title='bbox 1081 972 1196 1017; x_wconf 90' lang='lat' dir='ltr'>mihi</span> <span class='ocrx_word' id='word_1_48' title='bbox 1221 970 1356 1017; x_wconf 89' lang='lat' dir='ltr'>devio</span> 
     </span>
     <span class='ocr_line' id='line_1_12' title="bbox 629 1040 1269 1102; baseline -0.008 -15"><span class='ocrx_word' id='word_1_49' title='bbox 629 1040 781 1102; x_wconf 88' lang='lat' dir='ltr'>Ripas</span> <span class='ocrx_word' id='word_1_50' title='bbox 804 1047 852 1085; x_wconf 88' lang='lat' dir='ltr'>et</span> <span class='ocrx_word' id='word_1_51' title='bbox 876 1054 1075 1085; x_wconf 90' lang='lat' dir='ltr'>vacuum</span> <span class='ocrx_word' id='word_1_52' title='bbox 1100 1053 1269 1083; x_wconf 89' lang='lat' dir='ltr'>nemus</span> 
     </span>
     <span class='ocr_line' id='line_1_13' title="bbox 368 1103 1270 1165; baseline -0.008 -10"><span class='ocrx_word' id='word_1_53' title='bbox 368 1106 533 1155; x_wconf 88' lang='lat' dir='ltr'>Mirari</span> <span class='ocrx_word' id='word_1_54' title='bbox 553 1106 692 1153; x_wconf 84' lang='lat' dir='ltr'>libet!</span> <span class='ocrx_word' id='word_1_55' title='bbox 751 1105 798 1152; x_wconf 91' lang='lat' dir='ltr'>O</span> <span class='ocrx_word' id='word_1_56' title='bbox 822 1103 1064 1151; x_wconf 74' lang='lat' dir='ltr'>Naiadum</span> <span class='ocrx_word' id='word_1_57' title='bbox 1086 1112 1270 1165; x_wconf 87' lang='lat' dir='ltr'>potens,</span> 
     </span>
     <span class='ocr_line' id='line_1_14' title="bbox 629 1161 1296 1232; baseline -0.007 -13"><span class='ocrx_word' id='word_1_58' title='bbox 629 1161 1017 1232; x_wconf 82' lang='lat' dir='ltr'>Baccharumque</span> <span class='ocrx_word' id='word_1_59' title='bbox 1040 1169 1296 1216; x_wconf 87' lang='lat' dir='ltr'>valentium</span> 
     </span>
     <span class='ocr_line' id='line_1_15' title="bbox 366 1235 1285 1288; baseline -0.008 0"><span class='ocrx_word' id='word_1_60' title='bbox 366 1236 592 1288; x_wconf 89' lang='lat' dir='ltr'>Proceras</span> <span class='ocrx_word' id='word_1_61' title='bbox 614 1237 831 1284; x_wconf 89' lang='lat' dir='ltr'>manibus</span> <span class='ocrx_word' id='word_1_62' title='bbox 854 1245 1032 1284; x_wconf 89' lang='lat' dir='ltr'>vertere</span> <span class='ocrx_word' id='word_1_63' title='bbox 1057 1235 1285 1282; x_wconf 82' lang='lat' dir='ltr'>fraxinos!</span> 
     </span>
     <span class='ocr_line' id='line_1_16' title="bbox 630 1299 1419 1365; baseline -0.005 -15"><span class='ocrx_word' id='word_1_64' title='bbox 630 1302 713 1350; x_wconf 91' lang='lat' dir='ltr'>Nil</span> <span class='ocrx_word' id='word_1_65' title='bbox 737 1318 946 1365; x_wconf 88' lang='lat' dir='ltr'>parvum,</span> <span class='ocrx_word' id='word_1_66' title='bbox 971 1310 1050 1348; x_wconf 91' lang='lat' dir='ltr'>aut</span> <span class='ocrx_word' id='word_1_67' title='bbox 1074 1301 1238 1348; x_wconf 90' lang='lat' dir='ltr'>humili</span> <span class='ocrx_word' id='word_1_68' title='bbox 1263 1299 1419 1359; x_wconf 88' lang='lat' dir='ltr'>modo,</span> 
     </span>
     <span class='ocr_line' id='line_1_17' title="bbox 367 1367 1384 1431; baseline -0.007 -11"><span class='ocrx_word' id='word_1_69' title='bbox 367 1370 451 1420; x_wconf 91' lang='lat' dir='ltr'>Nil</span> <span class='ocrx_word' id='word_1_70' title='bbox 474 1370 669 1418; x_wconf 84' lang='lat' dir='ltr'>mortale</span> <span class='ocrx_word' id='word_1_71' title='bbox 691 1370 865 1431; x_wconf 88' lang='lat' dir='ltr'>loquar.</span> <span class='ocrx_word' id='word_1_72' title='bbox 924 1367 1078 1415; x_wconf 81' lang='lat' dir='ltr'>Dulce</span> <span class='ocrx_word' id='word_1_73' title='bbox 1101 1367 1384 1430; x_wconf 88' lang='lat' dir='ltr'>periculum,</span> 
     </span>
     <span class='ocr_line' id='line_1_18' title="bbox 630 1434 1211 1496; baseline -0.005 -14"><span class='ocrx_word' id='word_1_74' title='bbox 630 1435 677 1482; x_wconf 90' lang='lat' dir='ltr'>O</span> <span class='ocrx_word' id='word_1_75' title='bbox 701 1435 891 1494; x_wconf 86' lang='lat' dir='ltr'>Lenaee,</span> <span class='ocrx_word' id='word_1_76' title='bbox 916 1434 1047 1496; x_wconf 88' lang='lat' dir='ltr'>sequi</span> <span class='ocrx_word' id='word_1_77' title='bbox 1071 1434 1211 1480; x_wconf 90' lang='lat' dir='ltr'>deum</span> 
     </span>
    </p>
   </div>
   <div class='ocr_carea' id='block_1_4' title="bbox 278 1498 1312 1566">
    <p class='ocr_par' dir='ltr' id='par_1_4' title="bbox 278 1498 1312 1566">
     <span class='ocr_line' id='line_1_19' title="bbox 278 1498 1312 1566; baseline -0.006 -14"><span class='ocrx_word' id='word_1_78' title='bbox 278 1500 283 1509; x_wconf 78' lang='grc'><strong>’</strong></span> <span class='ocrx_word' id='word_1_79' title='bbox 369 1503 654 1566; x_wconf 88' lang='lat' dir='ltr'>Cingentem</span> <span class='ocrx_word' id='word_1_80' title='bbox 678 1501 814 1548; x_wconf 85' lang='lat' dir='ltr'>viridi</span> <span class='ocrx_word' id='word_1_81' title='bbox 835 1510 1045 1563; x_wconf 88' lang='lat' dir='ltr'>tempora</span> <span class='ocrx_word' id='word_1_82' title='bbox 1066 1498 1312 1566; x_wconf 83' lang='lat' dir='ltr'>pampino!</span> 
     </span>
    </p>
   </div>
   <div class='ocr_carea' id='block_1_5' title="bbox 849 1761 1128 1810">
    <p class='ocr_par' dir='ltr' id='par_1_5' title="bbox 849 1761 1128 1810">
     <span class='ocr_line' id='line_1_20' title="bbox 849 1761 1128 1810; baseline 0.007 -2"><span class='ocrx_word' id='word_1_83' title='bbox 849 1761 988 1809; x_wconf 91' lang='lat' dir='ltr'>ODE</span> <span class='ocrx_word' id='word_1_84' title='bbox 1011 1761 1128 1810; x_wconf 91' lang='lat' dir='ltr'>XX.</span> 
     </span>
    </p>
   </div>
   <div class='ocr_carea' id='block_1_6' title="bbox 808 1875 1166 1908">
    <p class='ocr_par' dir='ltr' id='par_1_6' title="bbox 808 1875 1166 1908">
     <span class='ocr_line' id='line_1_21' title="bbox 808 1875 1166 1908; baseline -0.003 0"><span class='ocrx_word' id='word_1_85' title='bbox 808 1876 885 1908; x_wconf 51' lang='lat' dir='ltr'>Ans</span> <span class='ocrx_word' id='word_1_86' title='bbox 908 1875 1166 1907; x_wconf 76' lang='lat' dir='ltr'>VENEREM.</span> 
     </span>
    </p>
   </div>
   <div class='ocr_carea' id='block_1_7' title="bbox 437 1959 1469 2746">
    <p class='ocr_par' dir='ltr' id='par_1_7' title="bbox 437 1959 1469 2746">
     <span class='ocr_line' id='line_1_22' title="bbox 437 1959 1178 2022; baseline -0.008 -11"><span class='ocrx_word' id='word_1_87' title='bbox 437 1963 558 2011; x_wconf 85' lang='lat' dir='ltr'>V1x1</span> <span class='ocrx_word' id='word_1_88' title='bbox 582 1959 765 2008; x_wconf 85' lang='lat' dir='ltr'>choreis</span> <span class='ocrx_word' id='word_1_89' title='bbox 789 1974 939 2022; x_wconf 88' lang='lat' dir='ltr'>nuper</span> <span class='ocrx_word' id='word_1_90' title='bbox 963 1959 1178 2020; x_wconf 88' lang='lat' dir='ltr'>idoneus,</span> 
     </span>
     <span class='ocr_line' id='line_1_23' title="bbox 437 2025 1161 2088; baseline -0.007 -12"><span class='ocrx_word' id='word_1_91' title='bbox 437 2029 501 2077; x_wconf 90' lang='lat' dir='ltr'>Et</span> <span class='ocrx_word' id='word_1_92' title='bbox 522 2026 716 2074; x_wconf 86' lang='lat' dir='ltr'>militavi</span> <span class='ocrx_word' id='word_1_93' title='bbox 740 2041 835 2072; x_wconf 90' lang='lat' dir='ltr'>non</span> <span class='ocrx_word' id='word_1_94' title='bbox 859 2025 1161 2088; x_wconf 68' lang='lat' dir='ltr'>sinegloria:</span> 
     </span>
     <span class='ocr_line' id='line_1_24' title="bbox 504 2089 1342 2152; baseline -0.005 -11"><span class='ocrx_word' id='word_1_95' title='bbox 504 2093 655 2141; x_wconf 89' lang='lat' dir='ltr'>Nunc</span> <span class='ocrx_word' id='word_1_96' title='bbox 677 2108 805 2139; x_wconf 88' lang='lat' dir='ltr'>arma</span> <span class='ocrx_word' id='word_1_97' title='bbox 827 2091 1196 2152; x_wconf 88' lang='lat' dir='ltr'>defunctumque</span> <span class='ocrx_word' id='word_1_98' title='bbox 1220 2089 1342 2138; x_wconf 88' lang='lat' dir='ltr'>bello</span> 
     </span>
     <span class='ocr_line' id='line_1_25' title="bbox 568 2156 1292 2219; baseline -0.004 -13"><span class='ocrx_word' id='word_1_99' title='bbox 568 2158 790 2207; x_wconf 91' lang='lat' dir='ltr'>Barbiton</span> <span class='ocrx_word' id='word_1_100' title='bbox 816 2157 893 2204; x_wconf 90' lang='lat' dir='ltr'>hic</span> <span class='ocrx_word' id='word_1_101' title='bbox 915 2157 1068 2219; x_wconf 87' lang='lat' dir='ltr'>paries</span> <span class='ocrx_word' id='word_1_102' title='bbox 1086 2156 1292 2216; x_wconf 85' lang='lat' dir='ltr'>habebit,</span> 
     </span>
     <span class='ocr_line' id='line_1_26' title="bbox 438 2222 1326 2284; baseline -0.007 -10"><span class='ocrx_word' id='word_1_103' title='bbox 438 2226 632 2275; x_wconf 83' lang='lat' dir='ltr'>Laevum</span> <span class='ocrx_word' id='word_1_104' title='bbox 655 2225 848 2270; x_wconf 70' lang='lat' dir='ltr'>marinae</span> <span class='ocrx_word' id='word_1_105' title='bbox 877 2223 957 2284; x_wconf 82' lang='lat' dir='ltr'>qui</span> <span class='ocrx_word' id='word_1_106' title='bbox 980 2223 1180 2270; x_wconf 87' lang='lat' dir='ltr'>Veneris</span> <span class='ocrx_word' id='word_1_107' title='bbox 1204 2222 1326 2269; x_wconf 86' lang='lat' dir='ltr'>latus</span> 
     </span>
     <span class='ocr_line' id='line_1_27' title="bbox 441 2288 1327 2351; baseline -0.006 -11"><span class='ocrx_word' id='word_1_108' title='bbox 441 2291 674 2340; x_wconf 86' lang='lat' dir='ltr'>Custodit.</span> <span class='ocrx_word' id='word_1_109' title='bbox 745 2289 859 2348; x_wconf 81' lang='lat' dir='ltr'>Hic,</span> <span class='ocrx_word' id='word_1_110' title='bbox 884 2289 963 2335; x_wconf 76' lang='lat' dir='ltr'>hic</span> <span class='ocrx_word' id='word_1_111' title='bbox 986 2289 1144 2351; x_wconf 87' lang='lat' dir='ltr'>ponite</span> <span class='ocrx_word' id='word_1_112' title='bbox 1168 2288 1327 2335; x_wconf 87' lang='lat' dir='ltr'>lucida</span> 
     </span>
     <span class='ocr_line' id='line_1_28' title="bbox 507 2356 1318 2404; baseline -0.005 0"><span class='ocrx_word' id='word_1_113' title='bbox 507 2356 709 2404; x_wconf 85' lang='lat' dir='ltr'>Funalia</span> <span class='ocrx_word' id='word_1_114' title='bbox 731 2363 778 2401; x_wconf 88' lang='lat' dir='ltr'>et</span> <span class='ocrx_word' id='word_1_115' title='bbox 802 2363 958 2400; x_wconf 85' lang='lat' dir='ltr'>vectes</span> <span class='ocrx_word' id='word_1_116' title='bbox 980 2364 1027 2400; x_wconf 89' lang='lat' dir='ltr'>et</span> <span class='ocrx_word' id='word_1_117' title='bbox 1050 2370 1189 2401; x_wconf 87' lang='lat' dir='ltr'>arcus</span> <span class='ocrx_word' id='word_1_118' title='bbox 1314 2372 1318 2378; x_wconf 83' lang='grc'><strong>’</strong></span> 
     </span>
     <span class='ocr_line' id='line_1_29' title="bbox 573 2419 1261 2483; baseline -0.004 -15"><span class='ocrx_word' id='word_1_119' title='bbox 573 2420 816 2483; x_wconf 84' lang='lat' dir='ltr'>Oppositis</span> <span class='ocrx_word' id='word_1_120' title='bbox 840 2419 1013 2467; x_wconf 88' lang='lat' dir='ltr'>foribus</span> <span class='ocrx_word' id='word_1_121' title='bbox 1037 2421 1261 2466; x_wconf 86' lang='lat' dir='ltr'>minaces.</span> 
     </span>
     <span class='ocr_line' id='line_1_30' title="bbox 444 2485 1469 2549; baseline -0.005 -14"><span class='ocrx_word' id='word_1_122' title='bbox 444 2489 491 2535; x_wconf 93' lang='grc' dir='ltr'>Ο</span> <span class='ocrx_word' id='word_1_123' title='bbox 514 2504 616 2549; x_wconf 80' lang='lat' dir='ltr'>quae</span> <span class='ocrx_word' id='word_1_124' title='bbox 642 2488 842 2544; x_wconf 79' lang='lat' dir='ltr'>beatam,</span> <span class='ocrx_word' id='word_1_125' title='bbox 867 2486 988 2543; x_wconf 88' lang='lat' dir='ltr'>diva,</span> <span class='ocrx_word' id='word_1_126' title='bbox 1013 2494 1147 2532; x_wconf 87' lang='lat' dir='ltr'>tenes</span> <span class='ocrx_word' id='word_1_127' title='bbox 1171 2485 1397 2546; x_wconf 88' lang='lat' dir='ltr'>Cyprum,</span> <span class='ocrx_word' id='word_1_128' title='bbox 1420 2491 1469 2531; x_wconf 86' lang='lat' dir='ltr'>et</span> 
     </span>
     <span class='ocr_line' id='line_1_31' title="bbox 443 2551 1346 2615; baseline -0.006 -14"><span class='ocrx_word' id='word_1_129' title='bbox 443 2553 691 2615; x_wconf 90' lang='lat' dir='ltr'>Memphin</span> <span class='ocrx_word' id='word_1_130' title='bbox 716 2560 954 2597; x_wconf 88' lang='lat' dir='ltr'>carentem</span> <span class='ocrx_word' id='word_1_131' title='bbox 981 2551 1199 2597; x_wconf 64' lang='lat' dir='ltr'>Sithonia</span> <span class='ocrx_word' id='word_1_132' title='bbox 1224 2551 1346 2608; x_wconf 87' lang='lat' dir='ltr'>nive,</span> 
     </span>
     <span class='ocr_line' id='line_1_32' title="bbox 508 2614 1136 2680; baseline -0.005 -14"><span class='ocrx_word' id='word_1_133' title='bbox 508 2617 716 2680; x_wconf 86' lang='lat' dir='ltr'>Regina,</span> <span class='ocrx_word' id='word_1_134' title='bbox 741 2616 927 2662; x_wconf 86' lang='lat' dir='ltr'>sublimi</span> <span class='ocrx_word' id='word_1_135' title='bbox 953 2614 1136 2678; x_wconf 86' lang='lat' dir='ltr'>flagello</span> 
     </span>
     <span class='ocr_line' id='line_1_33' title="bbox 575 2681 1459 2746; baseline -0.005 -15"><span class='ocrx_word' id='word_1_136' title='bbox 575 2682 746 2746; x_wconf 86' lang='lat' dir='ltr'>Tange</span> <span class='ocrx_word' id='word_1_137' title='bbox 770 2681 955 2729; x_wconf 73' lang='lat' dir='ltr'>Chloen</span> <span class='ocrx_word' id='word_1_138' title='bbox 981 2681 1125 2728; x_wconf 88' lang='lat' dir='ltr'>semel</span> <span class='ocrx_word' id='word_1_139' title='bbox 1152 2690 1459 2745; x_wconf 80' lang='lat' dir='ltr'>arrogantem.</span> 
     </span>
    </p>
   </div>
   <div class='ocr_carea' id='block_1_8' title="bbox 847 2941 1150 2991">
    <p class='ocr_par' dir='ltr' id='par_1_8' title="bbox 847 2941 1150 2991">
     <span class='ocr_line' id='line_1_34' title="bbox 847 2941 1150 2991; baseline 0.003 -1"><span class='ocrx_word' id='word_1_140' title='bbox 847 2941 985 2990; x_wconf 89' lang='lat' dir='ltr'>ODE</span> <span class='ocrx_word' id='word_1_141' title='bbox 1007 2942 1150 2991; x_wconf 90' lang='lat' dir='ltr'>XXI.</span> 
     </span>
    </p>
   </div>
   <div class='ocr_carea' id='block_1_9' title="bbox 803 3056 1186 3090">
    <p class='ocr_par' dir='ltr' id='par_1_9' title="bbox 803 3056 1186 3090">
     <span class='ocr_line' id='line_1_35' title="bbox 803 3056 1186 3090; baseline 0 0"><span class='ocrx_word' id='word_1_142' title='bbox 803 3058 869 3090; x_wconf 77' lang='lat' dir='ltr'>AD</span> <span class='ocrx_word' id='word_1_143' title='bbox 905 3056 1186 3090; x_wconf 75' lang='lat' dir='ltr'>GALATEAM.</span> 
     </span>
    </p>
   </div>
   <div class='ocr_carea' id='block_1_10' title="bbox 448 3139 1456 3267">
    <p class='ocr_par' dir='ltr' id='par_1_10' title="bbox 448 3139 1456 3267">
     <span class='ocr_line' id='line_1_36' title="bbox 449 3139 1231 3201; baseline -0.001 -13"><span class='ocrx_word' id='word_1_144' title='bbox 449 3140 623 3188; x_wconf 55' lang='lat' dir='ltr'>limos</span> <span class='ocrx_word' id='word_1_145' title='bbox 644 3155 792 3201; x_wconf 81' lang='lat' dir='ltr'>parrae</span> <span class='ocrx_word' id='word_1_146' title='bbox 814 3139 1069 3187; x_wconf 86' lang='lat' dir='ltr'>recinentis</span> <span class='ocrx_word' id='word_1_147' title='bbox 1091 3156 1231 3187; x_wconf 88' lang='lat' dir='ltr'>omen</span> 
     </span>
     <span class='ocr_line' id='line_1_37' title="bbox 448 3203 1456 3267; baseline -0.001 -14"><span class='ocrx_word' id='word_1_148' title='bbox 448 3204 625 3262; x_wconf 73' lang='lat' dir='ltr'>Ducat,</span> <span class='ocrx_word' id='word_1_149' title='bbox 646 3214 694 3252; x_wconf 89' lang='lat' dir='ltr'>et</span> <span class='ocrx_word' id='word_1_150' title='bbox 714 3221 963 3267; x_wconf 81' lang='lat' dir='ltr'>praegnans</span> <span class='ocrx_word' id='word_1_151' title='bbox 985 3206 1133 3265; x_wconf 81' lang='lat' dir='ltr'>caniS,</span> <span class='ocrx_word' id='word_1_152' title='bbox 1158 3214 1238 3252; x_wconf 87' lang='lat' dir='ltr'>aut</span> <span class='ocrx_word' id='word_1_153' title='bbox 1261 3203 1319 3251; x_wconf 82' lang='lat' dir='ltr'>ab</span> <span class='ocrx_word' id='word_1_154' title='bbox 1342 3219 1456 3266; x_wconf 81' lang='lat' dir='ltr'>agro</span> 
     </span>
    </p>
   </div>
   <div class='ocr_carea' id='block_1_11' title="bbox 1749 835 1811 884">
    <p class='ocr_par' dir='ltr' id='par_1_11' title="bbox 1749 835 1811 884">
     <span class='ocr_line' id='line_1_38' title="bbox 1749 835 1811 884; baseline -0.016 0"><span class='ocrx_word' id='word_1_155' title='bbox 1749 835 1811 884; x_wconf 88' lang='lat'>10</span> 
     </span>
    </p>
   </div>
   <div class='ocr_carea' id='block_1_12' title="bbox 1742 1163 1812 1211">
    <p class='ocr_par' dir='ltr' id='par_1_12' title="bbox 1742 1163 1812 1211">
     <span class='ocr_line' id='line_1_39' title="bbox 1742 1163 1812 1211; baseline 0 0"><span class='ocrx_word' id='word_1_156' title='bbox 1742 1163 1812 1211; x_wconf 87' lang='lat'>-15</span> 
     </span>
    </p>
   </div>
   <div class='ocr_carea' id='block_1_13' title="bbox 1757 2547 1818 2594">
    <p class='ocr_par' dir='ltr' id='par_1_13' title="bbox 1757 2547 1818 2594">
     <span class='ocr_line' id='line_1_40' title="bbox 1757 2547 1818 2594; baseline 0 0"><span class='ocrx_word' id='word_1_157' title='bbox 1757 2547 1818 2594; x_wconf 86' lang='lat'>1⁰</span> 
     </span>
    </p>
   </div>
  </div>
 </body>
</html>
