1976 3432
119 586 241 620 *Ilva-
296 603 387 620 ιιὶι

694 270 1250 317 Q.HORAT11FLACCI
1327 318 1336 327 s

285 387 393 436 Nec
415 396 511 436 tam
535 388 734 436 Larissae
757 368 988 456 percussit
1010 407 1203 454 campus
1226 392 1411 455 opimae,
1428 398 1454 446 [4
1461 420 1541 443 „a
1570 412 1653 443 <v

480 453 646 505 Quam
670 456 836 502 domus
860 451 1092 504 Albuneae
1116 459 1394 523 resonantis,

283 519 347 568 Et
367 536 576 584 praeceps
601 522 745 581 Anio,
769 538 825 568 ac
850 521 1054 570 Tiburni
1077 519 1228 583 lucus,
1252 533 1300 571 et
1321 524 1416 572 uda

481 585 737 634 Mobilibus
759 589 966 650 pomaria
988 589 1110 635 rivis.

234 634 436 700 Albus
460 661 512 699 ut
533 652 734 700 obscuro
759 654 970 716 deterget
993 654 1154 701 nubila
1177 655 1295 702 coelo
1724 656 1785 704 15

480 716 618 781 Saepe
643 718 815 778 Notus,
840 736 992 781 neque
1015 721 1209 783 parturit
1233 721 1405 768 imbres
1449 753 1452 755 -

281 783 565 847 Perpetuos3
602 785 671 831 sic
693 795 744 832 tu
768 787 954 848 sapiens
978 786 1112 833 finire
1135 796 1372 833 memento

478 849 742 897 Tristitiam
765 852 959 913 vitaeque
982 852 1164 899 labores

280 914 433 975 Molli,
457 916 650 975 Plance,
676 933 831 974 mero,
822 934 832 943 ·
869 934 953 964 seu
976 927 1022 965 te
1047 918 1271 980 fulgentia
1295 918 1441 981 signis

477 982 644 1029 Castra
667 991 844 1042 tenent,
870 1000 953 1030 seu
978 985 1125 1031 densa
1146 983 1325 1032 tenebit
1717 985 1783 1051 '2Q
1817 1002 1871 1038 ῆι
1894 1006 1898 1010 ·
1923 1002 1925 1005 “

1795 1035 1863 1068 'xa‘⁴¹

280 1047 476 1096 Tiburis
500 1049 666 1095 umbra
688 1049 770 1095 tui.
842 1049 1031 1096 Teucer
1058 1050 1296 1096 Salamina
1316 1059 1643 1128 patremque
1683 1054 1741 1091 ³

474 1114 640 1165 Quum
666 1115 862 1177 fugeret,
886 1124 1042 1162 tamen
1068 1113 1160 1162 uda
1184 1115 1326 1177 Lyoeo
1356 1111 1404 1131 Ψ
1740 1114 1797 1142 'f'
1828 1120 1830 1123 ’

279 1180 519 1244 Tempora
541 1181 740 1243 populea
766 1181 909 1228 fertur
932 1182 1133 1228 tinxisse
1157 1197 1347 1241 corona,

476 1247 558 1293 Sic
582 1247 736 1293 tristes
760 1247 926 1294 affatus
950 1248 1152 1294 amicos:

279 1316 308 1337 “
324 1310 440 1363 Quo
465 1329 552 1360 nos
577 1329 763 1374 cunque
789 1314 904 1360 feret
927 1313 1089 1360 melior
1114 1313 1297 1360 fortuna
1318 1322 1529 1376 parente,
1604 1328 1607 1354 ὃ
1714 1315 1778 1363 25

474 1378 671 1437 Ibimus,
695 1395 724 1425 o
747 1380 862 1426 socii
887 1379 1199 1440 comitesque!

276 1444 359 1491 Nil
384 1445 728 1508 desperandum
754 1445 946 1492 Teucro
969 1446 1106 1504 duce,
1132 1454 1178 1492 et
1202 1445 1391 1507 auspice
1414 1444 1607 1494 Teucro
1620 1462 1633 1503 ;

471 1511 642 1558 Certus
665 1511 793 1558 enim
815 1511 1027 1573 promisit
1050 1511 1220 1574 Apollo

276 1578 564 1641 Ambiguam
587 1578 752 1624 tellure
776 1578 896 1625 nova
923 1577 1162 1624 Salamina
1185 1577 1401 1624 futuram.

470 1643 516 1690 O
542 1644 681 1691 fortes
703 1643 953 1706 pejoraque
976 1644 1101 1705 passi
1711 1643 1775 1691 30

275 1708 470 1757 Mecum
495 1707 620 1773 saepe
647 1710 758 1756 viri!
796 1726 926 1756 nunc
949 1710 1058 1756 vino
1079 1709 1238 1772 pellite
1261 1725 1423 1756 curas:

472 1776 591 1823 Cras
615 1776 784 1839 ingens
806 1775 1079 1823 iterabimus
1104 1777 1304 1837 aequor.'’

819 2040 958 2087 ODE
981 2039 1095 2088 VII.

803 2154 870 2186 AD
904 2154 1109 2186 LYDIAM.

663 2236 842 2297 LYmA,
868 2237 961 2297 dic,
984 2253 1066 2300 per
1089 2252 1253 2296 omnes

335 2303 411 2351 Te
435 2304 547 2351 deos
569 2320 650 2352 oro
671 2320 681 2350 ι
719 2304 919 2365 Sybarin
944 2320 1027 2350 cur
1050 2319 1269 2366 properas
1292 2301 1493 2349 amando

659 2369 898 2416 Perdere?
933 2385 1016 2416 cur
1040 2370 1249 2432 apricum

333 2436 502 2483 Oderit
524 2452 760 2499 campum,
784 2436 967 2497 patiens
989 2435 1190 2497 pulveris
1214 2443 1349 2496 atque
1373 2432 1514 2481 solis?

662 2501 760 2548 Cur
784 2517 936 2563 neque
961 2500 1172 2547 militaris

333 2566 463 2614 Inter
488 2567 688 2630 aequales
711 2568 902 2629 equitat,
926 2567 1110 2614 Gallica
1131 2582 1221 2613 nec
1243 2565 1413 2628 lupatis

658 2632 916 2695 Temperat
938 2649 1020 2679 ora
1043 2632 1228 2678 fraenis.
1212 2633 1232 2667 ¹?

331 2698 430 2746 Cur
453 2698 586 2745 timet
608 2698 776 2745 flavum
803 2698 1017 2745 Tiberim
1041 2707 1263 2760 tangere.
1248 2697 1267 2732 Ψ
1302 2711 1386 2743 cur
1407 2694 1497 2743 oln
1501 2710 1580 2742 um

661 2764 903 2827 Sanguine
927 2764 1135 2826 viperino

332 2828 532 2876 Cautius
556 2830 700 2876 vitati?
735 2846 887 2891 neque
907 2829 1003 2892 jam
1028 2829 1167 2876 livida
1190 2836 1341 2891 gestat
1364 2826 1504 2873 armis
1705 2826 1764 2873 1⁰

659 2896 874 2954 Brachia,
899 2911 1023 2958 saepe
1040 2896 1197 2953 disco,

290 3018 293 3021 y
331 2958 470 3024 Saepe
494 2970 623 3008 trans
645 2960 788 3007 finem
807 2961 965 3022 jaculo
989 2961 1157 3007 nobilis
1180 2957 1429 3021 expedito?

655 3026 789 3076 Quid
815 3026 939 3085 latet,
965 3035 1015 3072 ut
1038 3026 1230 3072 marinae

329 3091 504 3139 Filium
528 3092 692 3138 dicunt
715 3091 935 3138 Thetidis
959 3092 1046 3137 sub
1068 3091 1326 3153 lacrymosa
1348 3087 1505 3150 Trojae

654 3157 866 3216 Funera,·
884 3173 945 3210 ne
970 3157 1113 3204 virilis
1702 3154 1761 3200 15

330 3222 499 3273 Cultus
522 3224 571 3271 in
595 3223 774 3270 caedem
797 3232 845 3270 et
868 3222 1037 3285 Lycias
1058 3222 1313 3286 proriperet
1336 3219 1578 3268 catervas?

1734 2500 1767 2546 0!
