1976 3432
631 231 959 274 CARMINUM
988 231 1097 275 LIB.
1126 231 1204 274 lv.

358 348 526 411 Multa,
549 353 641 414 qufi
665 353 820 400 crines
841 353 1036 416 religata
1059 353 1223 417 fulges.

357 418 508 466 Ridet
525 427 723 480 argento
743 419 909 466 domus
926 435 948 466 z
973 435 1067 478 ara,
1091 418 1233 467 castis

362 484 535 531 Vincta
557 484 789 543 verbeniS‚
814 493 918 531 avet
941 484 1178 533 immolato

752 551 971 613 Spargier
994 566 1130 613 agno.

359 615 548 662 Cuncta
572 615 759 662 festinat
774 631 965 676 manus,
991 617 1085 675 huo
1107 625 1155 664 et
1178 615 1292 664 illue

359 681 603 728 Cursitant
625 682 781 728 mixtae
804 683 960 744 pueris
981 682 1173 744 puellae:

362 748 615 795 Sordidum
638 747 837 794 flammae
860 748 1095 810 trepidant
1117 756 1324 795 rotantes
1400 806 1401 809 Ἰ

739 813 945 861 'Vertice
969 813 1165 861 fumum.

359 878 424 926 Ut
445 888 603 927 tamen
627 877 758 925 noris
780 879 949 941 quibus
970 879 1212 926 advoceris

358 945 585 1002 Gaudiis;
621 944 735 991 Idus
758 946 841 991 tibi
865 954 974 992 sunt
996 946 1208 1008 agendae,

357 1011 459 1062 Qui
484 1011 585 1058 dies
607 1026 817 1057 mensem
842 1011 1042 1058 Veneris
1065 1011 1256 1058 marinae

750 1075 912 1123 Findit
935 1076 1178 1142 Aprilem:

358 1142 474 1190 Jure
497 1142 717 1190 solemnis
740 1142 871 1202 mihi,
897 1143 1192 1205 sanctiorque

360 1207 490 1257 Pene
516 1209 657 1256 natali
681 1209 882 1271 proprio,
905 1206 1032 1271 quod
1055 1225 1115 1256 ex
1137 1208 1228 1256 hac

361 1275 492 1322 Luce
517 1274 757 1322 Maeoenas
780 1289 913 1321 meus
936 1274 1181 1322 affluentes

748 1339 951 1388 Ordinat
971 1356 1135 1388 annos.

784 1603 923 1652 ODE
956 1604 1047 1653 XI.

736 1718 802 1750 AD
826 1720 1101 1752 vmmLIUM.

360 1802 464 1850 JAM
488 1802 607 1849 veris
630 1803 839 1863 comites,
864 1818 969 1866 quae
993 1819 1120 1850 mare
1143 1810 1419 1865 temperant,

362 1869 619 1932 Impellunt
644 1869 812 1915 animae
837 1870 981 1916 lintea
1005 1869 1255 1916 Thraoiae:

360 1935 468 1983 Jam
492 1951 582 1982 neo
605 1944 736 1997 prata
758 1936 928 1998 rigent,
953 1951 1044 1982 nec
1068 1934 1193 1981 fluvii
1219 1942 1431 1998 strepunt

622 2000 837 2048 Hiberna
862 2002 967 2048 nive
991 2004 1176 2064 turgidi.

361 2066 409 2113 N
416 2067 543 2114 idum
567 2067 713 2129 ponit,
738 2066 847 2130 Ityn
871 2067 1084 2114 flebiliter
1107 2082 1320 2130 gemen5‚

360 2132 530 2179 Infelix
555 2133 666 2191 avis,
701 2143 748 2181 et
770 2133 1011 2196 Cecropiae
1035 2134 1202 2180 domus

361 2198 609 2246 AEternum
632 2199 946 2262 opprobrium,
969 2197 1095 2261 quod
1119 2197 1241 2246 male
1267 2198 1484 2246 barbaras

622 2264 812 2327 Regum
835 2275 906 2312 est
925 2265 1020 2312 ulta
1042 2265 1275 2312 libidines.

361 2329 541 2377 Dicunt
558 2328 607 2377 in
630 2340 792 2378 tenero
815 2331 1027 2393 gramine
1051 2331 1298 2394 pinguium

361 2396 595 2443 Custodes
617 2397 773 2442 ovium
797 2397 1006 2443 earmina
1029 2397 1200 2455 fistula,

360 2460 700 2524 Delectantque
725 2463 863 2508 deum
889 2463 966 2509 cui
989 2478 1134 2525 pecus
1157 2472 1204 2510 et
1227 2462 1348 2524 nigri

623 2527 779 2574 Colles
803 2529 1022 2574 Areadiae
1045 2529 1246 2590 placent.

362 2591 620 2641 Adduxere
644 2593 767 2640 sitim
791 2603 1015 2655 tempora,
1035 2593 1203 2656 virgili
1224 2609 1234 2640 :

362 2661 459 2707 Sed
484 2675 695 2722 pressum
720 2659 914 2706 Calibus
938 2659 1111 2706 ducere
1131 2659 1353 2706 Liberum

363 2726 415 2773 Si
439 2726 598 2788 gestis,
618 2726 845 2788 juvenum
872 2725 1099 2772 nobilium
1122 2724 1287 2784 aliene,

628 2790 674 2837 N
681 2792 792 2838 ardo
816 2791 924 2837 vina
945 2791 1200 2838 merebere.

364 2855 515 2905 Nardi
538 2873 705 2919 parvus
728 2873 851 2918 onyx
874 2856 1030 2903 eliciet
1054 2857 1225 2903 cadum

360 2922 462 2972 Qui
487 2938 614 2969 nuno
638 2923 850 2985 Sulpitiis
873 2922 1073 2969 accubat
1096 2921 1289 2982 horreis,

363 2988 482 3050 Spes
505 2989 677 3035 donare
701 3004 842 3036 novas
864 2988 1035 3050 largus,
1062 3003 1309 3049 amaraque

620 3054 851 3100 Curatum
874 3054 1030 3100 eluere
1054 3053 1233 3100 efficax.

364 3119 441 3165 Ad
467 3134 569 3180 quae
593 3119 631 3165 si
654 3135 870 3181 properas
892 3119 1079 3182 gaudia,
1104 3134 1213 3165 eum
1237 3118 1319 3165 tufi

365 3183 513 3238 Velox
536 3199 690 3231 meroe
714 3185 850 3232 veni:
886 3200 980 3232 non
1003 3200 1092 3247 ego
1115 3194 1160 3231 te
1193 3184 1310 3230 meis

1665 235 1729 285 71

1675 681 1738 730 10

1675 1009 1740 1059 15

1679 2396 1738 2443 10

1676 2724 1738 2772 15
