1976 3432
213 260 279 308 42

925 142 939 164 N

734 260 784 306 Q.
813 259 1054 310 HORATII
1082 261 1286 334 FLaccl

603 374 668 424 Et
690 378 968 439 Scythicum
991 378 1239 426 inviolatus
1263 395 1465 430 amnem.

475 442 574 490 Vos
597 441 835 490 Caesarem
860 445 1021 503 altum,
1045 445 1211 492 militia
1233 445 1370 492 simul

400 550 402 552 ,
473 507 644 555 Fessas
667 510 882 556 cohortes
903 507 1084 557 abdidit
1105 511 1306 572 oppidis,

538 573 699 621 Finire
722 584 1007 636 quaerentem
1030 576 1213 622 labores

517 652 518 656 ’
603 640 758 687 Pierio
780 642 1002 687 recreatis
1025 651 1171 688 antro.

474 705 573 752 Vos
594 706 701 753 lene
725 707 974 753 consilium
998 716 1046 754 et
1068 708 1203 766 datis,
1229 715 1276 753 et
1299 708 1408 756 dato

472 771 716 831 Gaudetis,
741 772 888 819 almae.
947 773 1135 819 Scimus
1157 782 1209 819 ut
1232 773 1398 835 impios

540 837 741 885 Titanas
764 839 1108 900 immanemque
1132 848 1334 886 turmam

605 903 826 951 Fulmine
849 904 1086 952 sustulerit
1109 905 1305 963 caduco,

471 969 575 1020 Qui
599 979 771 1017 terram
796 971 1014 1029 inertem,
1038 971 1116 1032 qui
1140 987 1268 1018 mare
1292 979 1518 1034 temperat

472 1036 752 1096 Ventosum,
775 1046 822 1083 et
844 1038 999 1095 urbes,
1024 1053 1259 1099 regnaque
1282 1038 1449 1098 tristia,

539 1102 792 1164 Divosque,
816 1103 1124 1164 mortalesque
1147 1104 1323 1160 turbas,

604 1168 808 1231 Imperio
832 1169 951 1231 regit
975 1185 1097 1216 unus
1122 1185 1267 1230 aequo.

473 1233 706 1297 Magnum
730 1236 809 1282 illa
830 1244 1054 1282 terrorem
1078 1235 1298 1282 intulerat
1320 1234 1350 1281 J
1353 1235 1428 1283 ovi

475 1299 655 1348 Fidens
672 1304 893 1362 juventus
917 1302 1104 1348 horrida
1126 1302 1348 1361 brachiis,

541 1366 821 1429 Fratresque
844 1368 1091 1414 tendentes
1113 1383 1261 1429 opaco

604 1433 768 1481 Pelion
788 1434 1062 1495 imposuisse
1086 1433 1305 1496 Olympo.

473 1499 569 1546 Sed
591 1500 703 1560 quid
728 1499 989 1561 Typhoeus,
1013 1508 1060 1546 et
1082 1499 1262 1547 validus
1286 1498 1478 1559 Mimas,

472 1565 574 1612 Aut
595 1566 707 1627 quid
730 1566 906 1613 minaei
929 1566 1218 1628 Porphyrion
1242 1574 1381 1625 statu,

535 1631 916 1694 QuidKRhoetua
940 1632 1202 1694 evulsisque
1225 1632 1407 1679 truncis

601 1697 871 1745 Enceladus
890 1698 1119 1760 jaculator
1144 1698 1312 1757 audax,

473 1763 652 1811 Contra
675 1773 922 1811 sonantem
945 1764 1149 1811 Palladis
1173 1764 1324 1826 aegida

473 1830 673 1877 Possent
695 1832 916 1877 ruentes?
973 1830 1104 1876 Hine
1127 1830 1289 1876 avidus
1312 1827 1438 1876 stetit

535 1896 804 1953 Vulcanus;
841 1896 955 1942 hino
976 1894 1240 1958 matrona]
1245 1911 1356 1954 uno,
1381 1902 1429 1941 et

599 1961 857 2024 Nunquam
883 1962 1089 2008 humeris
1110 1961 1344 2024 positurus
1369 1975 1550 2016 areum,

469 2027 570 2079 Qui
594 2045 696 2075 rore
719 2045 835 2091 puro
858 2028 1076 2075 Castaliae
1099 2027 1208 2074 lavit

468 2094 639 2141 Crines
662 2095 851 2153 solutos,
876 2094 955 2156 qui
979 2093 1136 2156 Lyciae
1161 2101 1292 2140 tenet

535 2160 741 2208 Dumeta
763 2161 1059 2221 natalemque
1082 2159 1261 2218 silvam,

601 2226 767 2273 Delius
790 2235 837 2273 et
860 2226 1084 2274 Patareus
1107 2224 1290 2287 Apollo.

471 2292 558 2340 Vis
581 2291 749 2339 consili
772 2309 938 2355 expers
961 2291 1082 2338 mole
1105 2292 1198 2338 ruit
1221 2290 1335 2338 sua:

468 2359 580 2406 Vim
604 2367 910 2420 temperatam
932 2357 983 2405 di
1007 2359 1190 2419 quoque
1213 2356 1476 2419 provehunt

536 2424 594 2472 In
619 2424 796 2486 majus:
832 2423 960 2471 idem
983 2422 1127 2470 odere
1151 2423 1278 2476 vires

599 2490 756 2537 Omne
780 2490 911 2537 nefas
935 2489 1091 2537 animo
1113 2497 1371 2536 moventes

472 2556 632 2604 Testis
656 2571 865 2603 mearum
890 2555 1185 2603 centimanus
1208 2555 1368 2616 Gyges

473 2623 851 2678 Sententiarumg
887 2630 1027 2669 notus
1046 2630 1093 2668 et
1115 2621 1309 2683 integrae

534 2687 763 2735 Tentator
786 2688 935 2738 Orion
961 2687 1143 2745 Dianae,

600 2754 830 2816 Virginea
853 2754 1058 2801 domitus
1082 2750 1265 2813 sagitta.

469 2818 649 2881 Injecta
675 2820 893 2867 monstris
915 2828 1040 2866 terra
1061 2817 1186 2864 dolet
1207 2816 1321 2874 suis,

472 2884 734 2946 Moeretque
757 2894 919 2946 partus
942 2884 1135 2931 fulmine
1157 2881 1362 2933 luridum

537 2949 710 2997 Missos
733 2951 791 2996 ad
816 2950 1025 2997 Orcum:
1059 2963 1150 2995 nec
1172 2946 1355 3010 peredit

600 3015 871 3077 Impositam
894 3015 1019 3062 celer
1042 3013 1164 3076 ignis
1187 3012 1395 3059 AEtnen:

472 3079 816 3127 Incontinentis
840 3096 929 3127 neo
953 3080 1083 3141 Tityi
1102 3079 1237 3141 jecur

472 3146 719 3209 Relinquit
741 3147 852 3206 aleS‚
876 3146 1096 3208 nequitiae
1119 3144 1307 3191 additus

1776 642 1841 692 40

1783 1301 1846 1350 50

1778 1960 1846 2009 60

1779 2617 1843 2665 70

1776 2945 1843 2994 75
