1936 3450
575 296 984 338 EPISTOLARUM
1013 296 1122 336 LIB.
1151 295 1210 336 11.
1240 299 1280 336 1.

171 415 455 465 Promittant
478 417 651 464 medici
670 434 682 475 ;
718 425 920 464 tractant
934 416 1125 464 >fabrilia
1148 416 1288 464 fabri':

172 482 433 531 Scribimus
455 484 634 530 indocti
658 485 876 545 doctique
898 487 1118 545 poemata
1139 483 1327 545 passim.

237 547 334 595 Hic
356 564 483 596 error
506 552 663 596 tamen
687 559 733 596 et
757 550 870 596 levis
895 551 996 595 haec
1023 549 1221 607 insania,
1246 555 1461 611 quantas'

170 613 380 661 Virtutes
404 615 588 673 habeat,
614 616 684 662 sic
708 616 904 678 collige:
944 615 1076 662 Vatis
1101 631 1266 661 avarus

1651 296 1745 345 173

1652 415 1746 463 116

170 679 283 727 Non
306 679 482 728 temere
508 692 579 727 est
598 681 808 738 animum
847 697 1006 727 versus
1031 689 1171 739 amat,
1197 682 1286 726 hoc
1310 680 1467 727 studet
1490 688 1666 731 unum;

170 744 480 805 Detrimenta,
506 747 640 809 fugas
663 756 914 806 servorum,
941 747 1162 793 incendia
1180 747 1300 792 ridet
1319 763 1330 803 ;

170 810 280 859 Non
303 812 513 859 fraudem
537 814 666 869 socio
684 829 886 875 puerove
911 813 1136 875 incogitat
1162 813 1303 858 ullam

127 935 130 941 .
170 877 375 940 Pupillo3
412 879 522 925 vivit
546 879 724 941 siliquis
747 888 794 926 et
818 895 941 941 pane
962 880 1185 925 secundo.

169 942 353 991 Militiae
377 961 643 1007 quanquam
666 945 798 1007 piger
822 954 868 991 et
893 946 1058 1003 malus,
1083 945 1208 991 utilis
1231 945 1350 991 urbi.

171 1010 224 1056 Si
248 1010 332 1056 das
356 1012 460 1070 hoc,
485 1012 637 1073 parvis
660 1027 842 1072 quoque
867 1011 1201 1073 rebusmagna
1219 1011 1371 1072 juvari
1394 1027 1403 1057 :

169 1075 240 1122 Os
263 1084 476 1124 tenerum
498 1077 632 1139 pueri
658 1078 938 1138 balbumque
962 1081 1101 1139 poeta
1125 1077 1318 1138 figurat3

170 1140 383 1204 Torquet
407 1144 465 1190 ab
487 1144 723 1190 obscoenis
742 1143 837 1205 jam
864 1158 994 1189 nunc
1018 1143 1311 1189 sermonibus
1336 1159 1524 1202 aurem3

170 1206 287 1255 Mox
305 1209 447 1256 etiam
470 1218 637 1271 pectus
660 1207 907 1271 praeceptis
933 1209 1098 1255 format
1122 1209 1302 1268 amicis,

172 1274 455 1336 Asperitatis
478 1285 525 1322 et
550 1275 738 1321 invidiae
763 1284 998 1322 corrector
1021 1284 1068 1321 et
1091 1275 1197 1331 irae3
1271 1292 1276 1297 ·

171 1339 328 1388 Recte
355 1342 477 1388 facta
500 1342 640 1390 refert
659 1358 670 1399 ;
707 1342 906 1388 orientia
930 1351 1140 1403 tempora
1163 1341 1285 1387 notis

171 1405 368 1454 Instruit
384 1407 638 1469 exemplis;
675 1407 863 1469 inopem
890 1407 1066 1454 solatur
1089 1416 1137 1453 et
1156 1422 1348 1470 aegrum.

172 1472 330 1521 Castis
353 1489 463 1520 cum
486 1474 645 1535 pueris
668 1474 832 1536 ignara
854 1473 1012 1536 puella
1033 1473 1187 1519 mariti

170 1538 388 1586 Disceret
410 1540 537 1585 unde
559 1555 742 1601 preces,
766 1549 918 1586 vatem
943 1539 991 1585 ni
1018 1538 1158 1585 Musa
1181 1539 1416 1586 dedisset?

171 1605 331 1653 Poscit
353 1621 490 1668 opem
515 1606 702 1664 chorus,
726 1615 774 1652 et
796 1606 1045 1668 proesentia
1070 1606 1265 1652 numina
1288 1606 1458 1664 sentit3

172 1671 404 1718 Coelestes
423 1671 638 1733 implorat
661 1688 804 1733 aquas
827 1672 967 1720 docta
985 1687 1126 1733 prece
1152 1672 1379 1729 blandus;

173 1738 358 1785 Avertit
381 1739 581 1797 morbos,
606 1738 860 1784 metuenda
883 1737 1092 1799 pericula
1114 1737 1271 1798 pellit;

172 1803 399 1865 Impetrat
416 1812 463 1850 et
485 1806 668 1865 pacem,
692 1812 738 1849 et
761 1799 1042 1865 locupletem
1067 1803 1276 1865 frugibus
1300 1819 1491 1850 annum.

172 1869 397 1916 Carmine
421 1868 470 1915 di
494 1869 649 1930 superi
673 1869 933 1931 placantur,
958 1869 1166 1915 carmine
1192 1868 1373 1916 Manes,

239 1935 474 1996 Agricolae
496 1935 656 1997 prisci,
681 1936 836 1994 fortes,
860 1944 1091 1997 parvoque
1118 1935 1254 1994 beati,

173 2001 378 2048 Condita
400 2000 503 2063 post
528 2001 776 2060 frumenta,
801 2001 1009 2048 levantes
1030 2010 1237 2063 tempore
1262 2001 1380 2048 festo

173 2066 373 2129 Corpus,
397 2076 444 2114 et
468 2067 620 2129 ipsum
644 2068 854 2113 animum
879 2083 960 2129 spe
985 2067 1092 2114 finis
1116 2068 1232 2114 dura
1256 2067 1501 2125 ferentem,

174 2133 299 2180 Cum
323 2132 464 2180 sociis
478 2149 689 2195 operum,
713 2133 886 2195 pueris,
911 2142 958 2180 et
981 2133 1181 2195 conjuge
1206 2133 1318 2193 fida,

175 2198 418 2246 Tellurem
443 2215 603 2261 porco,
629 2199 873 2246 Silvanum
898 2199 1019 2246 lacte
1044 2201 1252 2262 piabant,

174 2263 392 2312 Floribus
413 2274 462 2311 et
484 2265 592 2312 vino
613 2265 822 2324 Genium
847 2281 1103 2312 memorem
1124 2266 1275 2312 brevis
1299 2265 1398 2312 aevi.

175 2329 476 2377 Fescennina
498 2346 585 2392 per,
603 2331 733 2378 hunc
756 2331 946 2379 inventa
970 2331 1160 2378 licentia
1186 2347 1363 2378 morem

174 2395 404 2443 Versibus
422 2396 614 2442 alternis
635 2388 883 2458 opprobria
905 2398 1079 2443 rustica
1102 2397 1222 2443 fudit
1240 2414 1250 2453 ;

176 2460 481 2522 Libertasque
504 2463 799 2515 recurrentes
823 2472 1017 2524 accepta
1034 2478 1117 2524 per
1140 2479 1289 2509 annos

176 2526 312 2574 Lusit
335 2526 611 2585 amabiliter,
635 2525 788 2574 donec
807 2528 903 2590 jam
927 2543 1076 2573 saevus
1100 2538 1306 2590 apertam

177 2591 236 2639 ln
259 2592 434 2639 rabiem
462 2593 574 2639 verti
599 2593 742 2654 coepit
759 2593 911 2654 jocus,
936 2602 983 2640 et
1004 2609 1086 2655 per
1111 2594 1331 2640 honestas

177 2656 254 2705 lre
278 2659 438 2705 domos
463 2657 656 2720 impune
681 2659 867 2705 minax:
905 2658 1098 2705 doluere
1123 2668 1321 2706 cruento

177 2721 333 2771 Dente
357 2724 589 2781 lacessiti3
627 2724 714 2771 fuit
736 2724 925 2771 intactis
947 2740 1129 2786 quoque
1153 2740 1267 2771 cura

179 2788 463 2836 Conditione
487 2805 625 2853 super
649 2790 888 2837 communi
911 2806 920 2836 :
955 2791 1066 2852 quin
1091 2791 1231 2837 etiam
1255 2791 1330 2838 lex

180 2851 416 2916 Poenaque
439 2855 548 2915 lata,
574 2855 696 2903 malo
717 2871 820 2918 quae
844 2856 987 2903 nollet
1010 2857 1218 2902 carmine
1241 2872 1508 2919 quenquam

180 2917 411 2966 Describi.
479 2920 679 2968 Vertere
703 2922 911 2980 modum,
937 2922 1185 2969 formidine
1210 2922 1360 2982 fustis,

181 2984 259 3031 Ad
280 2984 399 3031 bene
413 2984 667 3033 dicendum
686 2987 1107 3049 delectandumque
1126 2987 1317 3035 redacti.

245 3049 431 3096 Graecia
452 3060 589 3113 capta
612 3052 759 3099 ferum
784 3053 1004 3099 victorem
1032 3053 1174 3115 cepit,
1198 3063 1245 3101 et
1262 3062 1385 3101 artes

182 3112 350 3161 Intulit
367 3116 538 3178 agresti
557 3116 705 3164 Latio.
776 3119 858 3165 Sic
883 3118 1098 3165 horridus
1121 3119 1198 3166 ille

182 3178 392 3227 Defluxit
410 3195 632 3228 numerus
654 3183 904 3231 Saturnius
924 3200 935 3241 ;
971 3194 1018 3231 et
1041 3200 1181 3247 grave
1205 3185 1330 3231 virus

183 3243 432 3293 Munditiae
453 3245 702 3358 pepglffre:
736 3249 819 3295 sed
844 3249 891 3296 in
917 3249 1108 3312 longum
1131 3258 1288 3297 tamen
1314 3264 1464 3296 aevum

1653 745 1742 792 121

1652 1011 1746 1059 125

1651 1343 1746 1391 130

1653 1673 1746 1720 135

1653 2002 1746 2050 140

1653 2332 1746 2380 145

1653 2661 1746 2709 150

1716 2988 1742 3011 'l
