1936 3450
611 283 953 330 SATIRARUM
981 285 1090 328 Lm.
1121 274 1179 328 1'1.
1208 261 1248 327 εἰ.
1648 287 1741 338 127

171 409 342 460 Invisis
365 408 571 472 foribus‘!
641 415 652 434 ‘
673 409 750 457 Ne
773 423 919 469 nunc,
942 416 1086 470 quum
1110 424 1186 455 me
1211 415 1346 454 vocat
1363 407 1500 467 ultro,

171 477 454 525 Accedam?
489 492 549 522 an
572 474 728 539 potius
750 475 948 529 mediter
972 474 1106 521 finire
1130 474 1349 522 dolores?

171 541 409 602 Exclusit,·
423 551 638 589 revocat:
674 542 862 589 redeam
881 543 908 589 ¹!-
938 556 1051 595 non,
1077 540 1115 586 s'i
1138 539 1384 587 obsecret.’
1453 538 1583 586 Ecce

172 609 363 667 Servus,
386 624 482 655 non
505 606 646 671 paul&
671 603 950 671 sapientior:
987 610 999 631 ‘
1017 605 1063 652 Ο
1087 607 1215 665 here,
1239 621 1342 667 quae
1357 621 1431 652 res

170 673 279 721 Nec
302 674 493 721 modum
518 675 673 733 habet,
698 690 850 735 neque
873 673 1140 731 consilium,
1165 672 1344 719 ratione
1367 671 1602 733 modoque
1644 671 1741 718 265

171 740 390 789 Tractari
413 756 508 787 non
533 741 653 794 vult..
711 739 771 788 In
795 756 951 789 amore
975 737 1078 785 haec
1102 747 1212 784 sunt
1235 738 1358 784 mala
1372 755 1383 794 3
1421 737 1610 798 bellurn,

169 804 271 854 Pax
293 822 477 853 rursum
500 822 510 852 :
547 805 648 852 haec
672 806 710 853 si
734 802 1330 868 quiS,'tempestatis*‘prcpe
1354 804 1447 850 ritu

170 871 371 923 Mobilia
392 880 440 919 et
463 873 592 918 caeca
616 871 846 919 fluitantia
869 872 1006 930 sorte,
1031 871 1221 931 laboret?

171 938 396 987 Reddere
420 948 546 985 certa
571 939 685 997 sibi„
699 938 845 986 nihilo
868 940 973 1002 plus
996 935 1203 999 explicet
1220 952 1275 982 ac
1299 936 1338 982 si
1559 953 1592 970 ⁴·

170 1004 386 1051 Insanire
409 1013 540 1066 paret
563 1005 691 1050 certa
716 1005 894 1052 ratione
918 1003 1177 1064 modoque.'
1355 1016 1358 1018 ’
1646 1001 1744 1048 270

169 1070 338 1120 Quid?
372 1086 530 1131 quum,
556 1070 744 1116 Picenis
767 1086 1024 1133 excerpens
1048 1069 1227 1116 semina
1249 1067 1416 1131 pomis,

171 1136 364 1184 Gaudes
387 1137 426 1182 si
449 1151 684 1188 cameram
708 1137 912 1198 percfisti
938 1133 1072 1195 forte,
1096 1151 1242 1197 penes
1265 1144 1311 1180 te
1330 1135 1415 1180 es?

170 1202 343 1253 Quid?
376 1217 520 1264 quum
546 1202 682 1249 balba
705 1201 814 1250 feris
838 1206 1015 1250 annoso
1039 1201 1180 1247 verba
1193 1201 1371 1263 'palato,
1663 1241 1666 1244 .
1731 1259 1733 1261 ¹

172 1267 460 1316 AEdificante
484 1284 617 1316 casas
640 1267 718 1330 qui
743 1269 935 1316 sanior?
1005 1267 1145 1315 Adde
1169 1281 1383 1313 cruorem
1645 1263 1744 1312 274

174 1332 409 1396 stultitiae,
435 1342 572 1396 atque
596 1333 755 1396 ignem
778 1335 934 1397 gladio
957 1342 1178 1381 scrutare.
1249 1330 1413 1390 Modb,
1438 1331 1645 1393 inquam,

174 1399 377 1447 Hellade
400 1400 622 1463 percussa
647 1398 828 1447 Marius
849 1416 992 1462 quum
1015 1399 1275 1462 praecipitat
1298 1415 1363 1457 se,

174 1465 386 1513 Cen-itus
409 1466 528 1512 fuit?
563 1482 623 1513 an
648 1476 892 1514 commotae
917 1467 1114 1513 crimine
1138 1464 1308 1511 mentis
1475 1520 1478 1522 .

174 1533 404 1580 Absolves
428 1532 683 1591 hominem,
707 1541 754 1579 et
777 1533 966 1580 sceleris
991 1531 1235 1579 damnabis
1259 1531 1480 1588 eundem,

173 1598 250 1645 Ex
272 1615 400 1645 more
423 1598 675 1661 imponensv
694 1609 894 1661 cognata
918 1599 1144 1646 vocabula
1166 1597 1340 1644 rebus?

174 1664 444 1718 Libertinus
466 1673 579 1722 erat,
604 1665 683 1725 qui
707 1665 886 1724 circum
910 1665 1114 1727 compita
1137 1664 1294 1710 siccus
1646 1663 1744 1711 280

174 1729 339 1777 Lautis
363 1727 503 1776 mane
528 1746 671 1776 senex
695 1731 1182 1794 manibus'currebat3
1218 1738 1280 1788 et,
1308 1735 1318 1753 ⁴
1337 1728 1529 1791 Unum,’
1583 1778 1592 1789 ,

173 1796 419 1847 Quiddam
443 1811 666 1859 magnum
691 1797 884 1855 addens,
910 1801 922 1822 ‘
943 1812 1091 1843 unum
1115 1812 1191 1842 me
1215 1795 1389 1857 surpite
1413 1797 1565 1858 morti,

175 1861 264 1909 Dis
286 1862 460 1909 etenim
486 1862 621 1908 facile
645 1863 744 1921 est,'
765 1863 953 1910 orabat:
986 1868 1132 1910 sanus
1156 1861 1361 1923 utrisque

177 1929 387 1976 Auribus
411 1939 549 1990 atque
571 1929 749 1991 oculis3
785 1937 1009 1988 mentem,
1034 1929 1124 1976 nisi
1148 1927 1395 1990 litigiosus,

175 1994 428 2057 Exciperet
446 1994 663 2041 dominus
682 2010 824 2056 quum
844 1996 1080 2042 venderet.
1137 1995 1245 2040 Hoc
1262 2009 1444 2058 quoque
1464 1995 1629 2058 vulgus
1645 1995 1742 2043 285

176 2060 464 2123 Chrysippus
486 2061 618 2123 ponit
642 2059 863 2108 foecunda
890 2062 938 2108 in
963 2071 1104 2124 gente
1125 2059 1337 2107 Meneni.

177 2132 188 2151 ‘
207 2126 406 2191 Jupiter,
431 2126 648 2189 ingentes
671 2127 750 2188 qui
775 2128 859 2174 das
882 2127 1141 2190 adimisque
1166 2126 1380 2186 dolores,'

176 2190 330 2240 Mater
355 2193 418 2240 ait
439 2193 573 2255 pueri
597 2209 781 2240 menses
800 2194 896 2256 jam
919 2193 1124 2255 quinque
1149 2192 1383 2252 cubantis,

176 2262 189 2282 ⁴
207 2256 399 2320 Frigida
422 2259 460 2305 si
484 2274 679 2321 puerum
703 2271 927 2321 quartana
949 2259 1201 2322 reliquerit,
1226 2258 1306 2305 illo

177 2322 324 2371 Mane
350 2325 426 2371 die
449 2341 540 2386 quo
563 2334 613 2371 tu
638 2325 809 2372 indicis
827 2325 1021 2388 jejunia,
1046 2327 1201 2372 nudus
1645 2325 1743 2373 290

176 2388 235 2436 In
261 2389 427 2437 Tiberi
447 2390 612 2437 stabit.’
683 2391 833 2437 Casus
857 2392 1126 2438 medicusve
1150 2391 1313 2438 levarit

177 2455 377 2519 AEgrum
402 2472 461 2502 ex
483 2457 725 2518 praecipiti,
750 2464 895 2503 mater
920 2457 1066 2506 delira
1088 2458 1276 2504 necabit

177 2519 235 2568 In
254 2521 410 2584 gelida
433 2521 575 2567 fixum
602 2522 717 2584 ripa,
744 2522 999 2585 febrimque
1023 2523 1229 2570 reducet.

176 2587 352 2638 Quone
377 2587 498 2635 malo
517 2599 726 2652 *mentem
751 2590 1012 2635 concussa?
1048 2589 1214 2634 timore
1239 2588 1481 2636 deorum.''

178 2651 300 2699 Haec
323 2652 438 2699 mihi
464 2652 732 2712 StertiniuS,
757 2654 1017 2717 sapientum
1043 2662 1251 2712 octavus,
1275 2654 1429 2702 amico
1644 2654 1743 2703 295

179 2719 327 2765 Arma
349 2718 493 2777 dedit,
512 2721 708 2781 posthac
731 2736 790 2766 ne
814 2720 1115 2782 compellaret·
1140 2719 1328 2766 inultus.

179 2782 363 2831 Dixerit
385 2784 600 2833 insanum
626 2785 703 2847 qui
727 2802 819 2844 me,
843 2786 1035 2833 totidem
1057 2786 1215 2832 audiet
1229 2802 1240 2843 ;
1278 2798 1415 2848 atque

179 2847 437 2911 Respicere
461 2850 620 2913 ignoto
643 2851 792 2898 discet
812 2851 1068 2914 pendentia
1089 2861 1232 2914 tergo.

807 2974 1045 3001 HORATms.

183 3043 359 3103 Stoice,
382 3053 485 3106 post
506 3045 729 3093 damnum
753 3036 821 3093 sic
844 3046 1019 3094 vendas
1036 3044 1195 3093 Omnia
1217 3046 1361 3109 pluris
1382 3062 1392 3093 :

180 3107 296 3159 Qua
318 3124 393 3156 me
418 3108 628 3170 stultitia,
649 3112 870 3175 quoniam
894 3128 987 3159 non
1011 3121 1082 3159 est
1105 3128 1255 3174 genus
1279 3128 1443 3172 unum,
1647 3111 1743 3159 300

182 3171 397 3222 Insanire
420 3176 589 3237 putas?
622 3191 711 3238 ego
733 3193 842 3224 nam
866 3177 1022 3224 videor
1046 3178 1159 3224 mihi
1184 3193 1339 3225 sanus,
