1936 3450
202 213 298 266 158
730 217 781 268 Q.
811 218 1052 264 HORATH
1080 222 1285 268 FLAcm

259 334 462 397 Coelum,
486 353 583 385 non
607 339 833 402 animum,
857 353 1055 406 mutant,
1078 345 1158 408 qui
1181 354 1310 394 trans
1331 362 1460 396 mare
1482 355 1692 399 currunt.

259 401 463 451 Strenua
486 420 571 451 nos
591 418 779 455 exercet
801 409 970 458 inertia
990 427 1000 458 :
1035 413 1232 460 navibus
1249 421 1387 475 atque

257 466 517 531 Quadrigis
539 472 741 532 petimus
765 475 885 524 bene
908 476 1074 524 vivere.
1141 474 1288 528 Quod
1311 479 1447 541 petis&
1470 479 1551 529 hic
1571 489 1659 544 est,
1706 532 1711 537 ,

257 531 347 582 Est
370 534 576 597 UlubriS,
600 539 784 587 animus
807 542 846 589 si
869 551 915 590 te
934 559 1030 591 non
1053 543 1214 591 deficit
1237 559 1412 607 aequus.
1476 599 1478 601 ,

766 806 1101 855 EPISTOLA
1122 808 1245 859 XII.

857 921 924 953 AD
956 923 1145 955 ICCIUM.

251 1004 540 1064 Fauc'rmus
566 1006 787 1070 Agrippae
809 1006 999 1066 Siculis,
1022 1023 1138 1070 quos
1161 1008 1359 1071 colligis,
1383 1009 1503 1072 Icci,

250 1071 305 1118 Si
329 1071 457 1119 recte
480 1073 660 1132 frueris,
685 1089 779 1120 non
804 1082 875 1119 est
897 1082 949 1123 ut
971 1074 1105 1135 copia
1127 1074 1287 1136 major-

249 1137 330 1184 Ab
353 1138 468 1186 Jove
493 1139 658 1186 donari
681 1139 827 1201 possit
849 1139 960 1187 tibi:
995 1140 1103 1186 tolle
1127 1141 1339 1201 querelas
1353 1158 1366 1199 ;

247 1200 582 1267 Pauper‘enim
607 1222 701 1257 non
725 1215 810 1264 est,
836 1205 913 1252 cui
937 1221 1090 1252 rerum
1115 1207 1318 1268 suppetit
1343 1223 1470 1255 usus.

248 1269 301 1321 Si
326 1271 475 1319 ventri
495 1271 631 1338 bene,
656 1271 695 1317 si
718 1271 850 1318 later-i
873 1281 942 1318 est
963 1272 1254 1337 pedibusque
1277 1272 1386 1333 tuis,
1410 1274 1476 1321 nil

245 1334 434 1386 Divitiae
458 1345 676 1398 poterunt
698 1337 877 1400 regales
900 1338 1071 1387 addere
1094 1338 1257 1399 majus.

247 1402 300 1453 Si
325 1399 443 1449 forte
461 1403 509 1451 in
533 1403 689 1450 medio
710 1403 964 1465 positorum
988 1404 1242 1450 abstemius
1265 1404 1423 1452 herbis

244 1467 376 1515 Vivis
398 1477 445 1515 et
468 1469 636 1527 urtica,
659 1470 727 1515 sic
745 1469 871 1515 vives
891 1470 1117 1532 protinUS,
1141 1479 1192 1520 ut
1214 1479 1260 1517 te
1325 1487 1333 1489 ·’

245 1533 506 1581 Confestim
526 1534 728 1596 liquidus
752 1534 972 1584 Fortunae
996 1537 1122 1583 rivus
1145 1536 1329 1582 inauret
1344 1552 1371 1592 :⁷

243 1599 331 1647 Vel
357 1601 467 1662 quia
489 1610 703 1648 naturam
728 1610 908 1648 mutare
929 1602 1134 1664 pecunia
1156 1602 1309 1649 nescit
1328 1618 1339 1660 ;

242 1666 332 1713 Vel
357 1667 466 1729 quia
489 1676 664 1715 cuncta
685 1676 820 1730 putas
843 1668 939 1714 una
962 1668 1130 1715 virtute
1153 1668 1349 1717 minora.
1386 1690 1390 1692 ·

243 1731 472 1779 Miramur
497 1734 534 1779 si
559 1733 815 1788 Democriti
839 1744 986 1796 pecus
1010 1734 1107 1782 edit
1130 1734 1305 1797 agellos

244 1798 491 1860 Cultaque,
516 1799 628 1845 dum
651 1797 846 1862 peregre
872 1808 941 1846 est
965 1800 1148 1846 animus
1172 1801 1272 1846 sine
1295 1816 1488 1862 corpore
1505 1801 1662 1861 velox;
1715 1834 1717 1838 ,

240 1864 407 1914 Quum
431 1874 499 1924 tu,
524 1866 645 1912 inter
669 1866 876 1912 scabie-m
894 1874 1070 1916 tantam
1094 1876 1142 1913 et
1164 1867 1382 1928 contagia
1398 1866 1533 1927 lucri,

240 1930 323 1977 Nil
348 1945 546 1993 parvum*
564 1932 731 1994 sapias,
755 1940 802 1979 et
825 1932 981 1979 adhuc
998 1932 1218 1980 sublimia
1241 1947 1393 1990 cures,

239 1996 365 2047 Quae
390 2013 516 2043 mare
540 2007 842 2060 compescant
864 2012 1035 2057 causae,
1055 1999 1166 2059 quid
1191 2007 1417 2060 temperet
1439 2014 1644 2059 annum3

241 2062 400 2113 Stellae
426 2070 589 2125 sponte
614 2064 700 2111 sua
719 2064 924 2125 jussaene
948 2073 1174 2126 vagentur
1198 2074 1244 2110 et
1266 2072 1422 2111 errent
1436 2080 1447 2120 ;

236 2127 372 2179 Quid
396 2138 577 2190 premat
593 2129 843 2176 obscurum
867 2130 1008 2188 lunae,
1034 2130 1142 2190 quid
1166 2130 1383 2191 proferat,
1406 2130 1567 2176 orbem
1582 2126 1612 2188 ς’

236 2193 371 2244 Quid
397 2195 503 2240 velit
528 2205 575 2242 et
596 2195 739 2257 possit
758 2210 911 2240 rerum
936 2196 1187 2242 concordia
1211 2195 1416 2252 discors;

237 2259 566 2322 EmpedocleS‚
591 2277 650 2307 an
677 2260 951 2307 Stertinium
975 2261 1140 2307 deliret
1163 2262 1394 2307 acumen'l

301 2325 498 2385 Verum,
523 2342 606 2372 seu
628 2327 802 2388 pisces,
823 2340 905 2372 seu
927 2342 1115 2388 porrum
1140 2336 1187 2373 et
1210 2342 1338 2388 caepe
1362 2325 1586 2387 trucidas,

239 2390 378 2439 Utere
402 2392 627 2454 Pompeio
649 2393 894 2459 Grospho3
930 2401 992 2449 et,
1017 2392 1055 2438 si
1079 2392 1190 2454 quid
1215 2402 1356 2454 petet,
1375 2393 1495 2440 ultro

235 2456 405 2510 Defert
442 2457 507 2504 nil
532 2458 774 2520 Grosphus
797 2457 887 2504 nisi
911 2473 1068 2504 verum
1091 2459 1241 2505 orabit
1263 2467 1311 2505 et
1334 2473 1530 2522 aequum.

234 2523 355 2575 Vilis
379 2524 637 2570 amicorum
660 2534 731 2571 est
754 2539 955 2582 annona,
982 2524 1115 2574 bonis
1138 2524 1217 2570 ubi
1241 2523 1349 2585 quid
1376 2525 1524 2573 deest.

299 2588 376 2635 Ne
398 2598 554 2639 tamen
583 2590 768 2652 ignores
791 2604 882 2650 quo
906 2589 964 2636 sit
988 2589 1207 2636 Romana
1229 2589 1334 2636 loco
1355 2605 1430 2636 res
1450 2605 1461 2636 z

234 2652 471 2701 Cantaber
494 2656 735 2717 Agrippae,
756 2655 927 2704 Claudi
951 2655 1118 2703 virtute
1141 2655 1346 2701 Neronis

237 2719 490 2766 Armenius
516 2720 713 2767 cecidit:
743 2721 821 2784 jus
846 2721 1183 2784 imperiumque
1207 2720 1435 2766 Phraates

233 2783 433 2831 Caesaris
458 2787 639 2848 accepit
663 2786 862 2849 genibus
886 2786 1036 2832 minor
1058 2802 1067 2832 :
1104 2802 1245 2833 aurea
1268 2785 1427 2848 fruges

232 2849 383 2898 Italiae
407 2851 548 2913 pleno
571 2851 757 2899 diffudit
780 2852 930 2915 Copia
951 2866 1112 2900 cornu.

1757 547 1824 597 30

1750 1607 1813 1655 lo

1720 1935 1806 1997 ¹15

1738 2262 1808 2311 20
