1936 3450
190 287 284 335 130
640 313 648 317 a.
716 279 780 329 fo.
810 280 1053 321 HORATn
1080 280 1286 322 FLAccr

251 404 458 450 Lubrica
481 411 735 450 nascentes
759 401 956 470 implent
979 400 1236 470 conchylia
1247 395 1384 447 lunae.

254 471 351 516 Sed
375 486 476 516 non
494 485 633 516 omne
657 484 786 515 mare
809 473 880 514 est
901 480 1140 530 generosae
1165 463 1316 513 fertile
1339 474 1495 513 testae:

252 535 439 582 Murice
464 534 644 582 Baiano
667 534 830 580 melior
853 533 1062 581 Lucrina
1083 532 1281 595 peloris:

252 602 424 648 Ostrea
443 600 664 659 Circeiis,
685 594 874 646 Miseno
895 599 1110 646 oriuntur
1131 597 1317 644 echini·
1306 634 1318 656 ,

252 667 526 714 Pectinibus
549 666 721 728 patulis
740 665 887 740 jactat
905 682 955 711 se
978 665 1116 712 molle
1141 663 1439 711 Tarentum*
1699 709 1702 711 ,
1734 700 1737 701 ⁷

252 733 360 780 Nec
384 733 472 779 sibi
496 748 737 779 coenarum
761 731 911 793 quivis
932 728 1110 784 temere
1137 738 1320 792 arroget
1342 738 1505 788 artem,
1757 728 1823 777 35

252 799 302 845 N
304 816 366 846 on
389 796 518 878 prius
541 797 708 844 exacta
731 797 861 860 tenui
885 796 1065 844 ratione
1089 811 1320 858 saporum.

253 864 362 912 Nec
385 862 496 912 satis
519 872 590 911 est
613 863 723 910 cara
745 864 899 925 pisces
922 878 1133 910 averrere
1151 861 1322 908 mensa

252 931 479 993 Ignarum
504 931 672 992 quibus
694 938 765 976 est
782 929 859 991 jus
883 929 1051 991 aptius,
1076 937 1124 975 et
1145 928 1314 990 quibus
1337 927 1455 974 assis
1507 940 1510 946 ·

253 997 565 1059 Languidus
554 1011 603 1043 ln
627 995 876 1043 cubitum
859 1011 955 1057 jam
980 1011 1030 1040 se
1053 995 1250 1042 conviva
1272 1002 1478 1055 reponet.

253 1063 446 1122 Umber,
471 1072 519 1109 et
541 1063 688 1125 iligna
713 1062 916 1109 nutritus
939 1061 1128 1123 glande,
1154 1060 1377 1107 rotundas
1757 1059 1821 1108 40
1927 1093 1936 1126 1

253 1126 381 1176 Curv
371 1139 430 1175 et
453 1145 561 1191 aper
584 1129 744 1175 lances
768 1143 958 1174 carnem
984 1125 1172 1174 vitantis
1189 1126 1420 1172 inertem:

228 1254 240 1260 ⁴.
254 1195 382 1241 Nam
407 1195 620 1242 Laurens
642 1194 793 1240 malus
816 1203 903 1252 est,
928 1193 1044 1239 ulvis
1067 1201 1115 1239 et
1137 1192 1367 1239 arundine
1389 1189 1593 1255 pinguis.

253 1261 408 1309 Vinea
432 1261 663 1308 submittit
685 1274 878 1323 capreas
898 1265 996 1306 non
1020 1274 1203 1320 semper
1227 1258 1403 1305 edules.

255 1327 513 1373 Foecundae
536 1326 706 1389 leporis
729 1326 915 1388 sapiens
939 1325 1191 1372 sectabitur
1216 1340 1382 1371 armos.

254 1392 470 1440 Piscibus
494 1403 630 1455 atque
654 1393 816 1440 avibus
839 1407 942 1455 quae
965 1400 1133 1438 natura
1154 1399 1202 1437 et
1219 1390 1342 1439 foret
1365 1398 1492 1449 aetas»,
1553 1412 1555 1416 ¹
1758 1389 1822 1437 45
1928 1393 1936 1444 ξ

254 1460 382 1506 Ante
406 1475 562 1505 meum
586 1459 703 1505 nulli
727 1459 877 1521 patuit
898 1457 1093 1519 quaesita
1114 1456 1335 1519 palatum.

257 1527 380 1572 Sunt
402 1541 598 1587 quorum
618 1524 866 1587 ingenium
889 1540 1010 1571 nova
1033 1522 1216 1571 tantum
1240 1522 1447 1569 crustula
1468 1521 1652 1584 promit.

255 1591 565 1654 Nequaquam
590 1589 703 1637 satis
726 1591 775 1637 in
797 1605 848 1636 re
872 1590 968 1636 una
991 1605 1269 1636 consumere
1293 1604 1481 1635 curam:
1674 1603 1677 1606 ·

254 1657 318 1704 Ut
341 1658 378 1704 si
403 1659 505 1719 quis
529 1655 679 1704 solum
703 1658 809 1715 hoc,
833 1654 956 1704 mala
978 1672 1039 1702 ne
1063 1655 1156 1702 sint
1179 1655 1302 1714 vina,
1325 1654 1503 1701 laboret
1554 1662 1556 1664 ’

253 1723 401 1774 Quali
425 1724 673 1786 perfundat
694 1724 847 1785 pisces
871 1738 1064 1769 securus
1086 1721 1219 1768 olivo.
1312 1755 1313 1758 η
1758 1719 1824 1767 50

256 1789 465 1836 Massica
488 1790 526 1836 si
551 1790 671 1837 coelo
695 1804 930 1851 supponas
954 1788 1063 1838 vina
1085 1803 1267 1846 sereno,

256 1852 523 1915 Nocturna,
547 1855 585 1901 si
608 1854 995 1917 quid'crassi'est,
1019 1853 1287 1902 tenuabitur
1309 1851 1442 1911 aura,

1927 610 1936 626 q

1929 643 1936 689 ¹

1915 735 1936 753 ,θ

1928 752 1936 828 {2

1932 834 1936 860 ἵ

1930 871 1936 891 l

1916 910 1936 939 1¹:

255 1921 318 1969 Et
341 1894 539 1968 decedet
561 1923 673 1968 odor
696 1922 851 1968 nervis
874 1921 1120 1976 inimicus;
1156 1926 1202 1966 at
1225 1919 1304 1966 illa
1366 1952 1369 1953 ν

255 1987 501 2050 Integrum
525 1988 729 2050 perdunt
751 1987 848 2034 lino
871 1986 1031 2037 vitiata
1054 2001 1280 2048 saporem.
1373 1988 1379 1995 ’
1927 2013 1936 2046 1

259 2054 536 2101 Surrentina
556 2054 684 2100 vafer
707 2054 787 2115 qui
810 2053 979 2099 miscet
1004 2052 1120 2098 faece
1143 2049 1347 2097 Falerna
1586 2095 1587 2101 ,
1746 2049 1823 2097 <55
1928 2052 1936 2107 ξ’

255 2120 398 2179 Vina,
423 2119 690 2167 columbino
713 2120 875 2166 limum
900 2119 1020 2165 bene
1043 2117 1221 2179 colligit
1245 2132 1358 2173 ovo;
1928 2109 1936 2162 i

254 2186 544 2236 Quatenus
534 2202 627 2232 ima
648 2186 765 2248 petit
782 2185 969 2232 volvens
993 2183 1146 2230 aliena
1168 2182 1365 2229 vitellus.
1927 2177 1936 2247 ξ

256 2251 417 2298 Tostis
441 2261 728 2298 marcentem
753 2251 930 2312 squillis
953 2249 1187 2296 recreabis
1209 2257 1256 2295 et
1279 2245 1398 2294 Asta

256 2317 473 2364 Potorem
499 2318 721 2374 cochlea;
759 2333 868 2364 nam
893 2316 1078 2364 lactuca
1101 2316 1281 2361 innatat
1303 2313 1400 2360 acri

255 2383 368 2431 Post
391 2385 549 2430 vinum
574 2383 839 2431 stomacho:
875 2397 1023 2444 perna
1045 2379 1196 2443 magis
1219 2396 1275 2427 ac
1299 2377 1450 2445 magis
1473 2379 1598 2430 hillis
1759 2377 1824 2426 60

255 2449 493 2512 Flagitat
483 2467 530 2496 m
556 2465 735 2497 morsus
758 2448 914 2504 refici;
950 2447 1064 2509 quin
1087 2446 1246 2493 omnia
1269 2446 1415 2505 malit,

253 2516 571 2577 Quaecunque
595 2516 849 2562 immundis
868 2515 1045 2560 fervent
1068 2512 1194 2559 illata
1216 2511 1414 2586 popinis.

255 2581 342 2628 Est
364 2598 516 2643 operae
539 2582 740 2644 pretium
766 2579 968 2642 duplicis
990 2594 1270 2642 pernoscere
1289 2577 1406 2640 juris

256 2646 516 2694 Naturam:
553 2647 750 2709 simplex
773 2662 799 2692 e
823 2646 949 2692 dulci
973 2653 1156 2692 constat
1178 2644 1315 2702 olivo,
1619 2686 1623 2691 ,

254 2712 400 2762 Quod
426 2713 590 2775 pingui
614 2713 813 2759 miscere
837 2728 967 2758 mero
991 2710 1238 2771 muriaque
1261 2708 1464 2767 decebit,
1613 2738 1617 2742 -
1759 2707 1824 2755 65

257 2777 367 2824 Non
394 2779 484 2824 alia
508 2795 648 2839 quam
673 2793 765 2840 qua
790 2777 1021 2838 Byzantia
1043 2776 1220 2838 putruit
1241 2790 1365 2821 orca.
1528 2791 1531 2797 ’

257 2842 366 2889 Hoc
390 2844 469 2889 ubi
495 2845 740 2890 confusum
768 2843 907 2889 sectis
931 2842 1154 2889 inferbuit
1177 2839 1348 2898 herbiS‚

257 2908 549 2970 Corycioque
574 2925 711 2955 croco
735 2924 943 2970 sparsum
968 2908 1108 2966 stetit,
1122 2907 1321 2967 insuper
1345 2905 1489 2951 addes

257 2973 424 3020 Pressa
447 2975 730 3020 Venafranae
754 2975 875 3035 quod
902 2974 1048 3019 bacca
1070 2971 1248 3019 remisit
1269 2971 1416 3017 olivae.

257 3039 447 3086 Picenis
471 3040 646 3086 cedunt
669 3040 818 3101 pomis
842 3039 1061 3085 Tiburtia
1079 3052 1246 3094 succo;
1727 3033 1824 3083 270

256 3105 383 3152 Nam
412 3105 530 3152 facie
553 3113 787 3167 praestant.
856 3104 1106 3150 Venucula
1129 3102 1348 3149 convenit
1369 3101 1497 3159 ollis3
1563 3123 1565 3125 ·

258 3169 462 3219 Rectius
486 3171 721 3217 Albanam
748 3171 876 3217 fumo
897 3169 1134 3215 duraveris
1157 3184 1309 3215 uvam.
1351 3204 1355 3209 .
1668 3188 1673 3191 ¹
1916 3163 1936 3215 x}

259 3236 401 3284 Hanc
424 3253 512 3299 ego
535 3252 644 3283 cum
668 3236 818 3296 maliS,
842 3251 931 3299 ego
956 3235 1119 3282 faecem
1141 3234 1318 3297 primus
1340 3242 1388 3281 et
1404 3232 1556 3293 halec,
1907 3238 1936 3291 {²³³
