1976 3432
767 250 1090 293 CARMINUM
1131 253 1242 294 LIB.
1287 253 1320 293 I.

581 369 789 416 Venator
814 371 862 416 in
886 373 1064 433 campis
1087 372 1251 418 nivalis

650 435 930 496 Haemoniae,
950 437 1081 484 daret
1102 447 1155 485 ut
1177 438 1357 485 catenis

516 500 680 548 Fatale
705 512 963 549 monstrum
984 519 994 549 ε
1029 519 1132 565 quae
1155 503 1429 566 generosisis

520 566 934 630 Perirequaerens,
958 585 1049 617 nec
1074 570 1361 618 muliebriter

581 633 781 695 Expavit
803 651 981 694 ensem,
1006 651 1096 682 nec
1119 636 1317 683 latentes

648 700 811 747 Classe
834 701 930 748 cita
954 701 1182 764 reparavit
1202 718 1308 748 oras
1329 717 1340 748 ε

518 765 652 813 Ausa
675 775 722 813 et
740 766 977 829 jacentem
1000 767 1146 814 visere
1170 769 1347 830 regiam

515 830 666 878 Vultu·
686 848 866 892 sereno,
891 833 1019 879 fortis
1041 842 1088 880 et
1110 849 1296 896 asperas

582 897 812 945 Tractare
836 908 1090 960 serpentes,
1115 908 1167 946 ut
1189 908 1340 946 atrum

648 963 854 1027 Corpore
878 965 1165 1012 combiberet
1189 981 1447 1024 venenum;
1507 1009 1510 1037 Ι

517 1028 787 1077 Deliberat&
810 1041 958 1077 morte
983 1031 1204 1078 ferocior:
1310 1087 1312 1090 .

518 1095 666 1143 Saevis
689 1095 910 1143 Liburnis
933 1097 1114 1144 scilicet
1137 1097 1365 1144 invidens·

486 1181 508 1234 [ξ
582 1161 767 1209 Privata
790 1162 961 1209 deduci
985 1163 1184 1225 superbo

646 1227 759 1276 Non
784 1228 973 1297 humilis
996 1229 1162 1288 mulier
1183 1229 1431 1292 triumpho.

842 1490 980 1539 ODE
1014 1490 1233 1538 XXXII.

883 1605 950 1637 AD
975 1590 1192 1638 Puerum.

549 1687 792 1735 Pmtsrcos
815 1688 911 1747 odi,
934 1704 1064 1750 puer,
1089 1697 1360 1751 apparatus3

550 1753 814 1817 Displicent
836 1771 969 1806 nexae
993 1754 1174 1817 philyra
1199 1770 1384 1802 coronae
1406 1770 1417 1801 ε

548 1819 688 1868 Mitte
712 1820 895 1879 sectari,
919 1837 1023 1867 rosa
1045 1836 1136 1882 quo
1156 1820 1367 1868 locorum

811 1887 927 1933 Sera
951 1894 1168 1933 moretur.

550 1951 761 2014 Simplici
785 1961 933 2014 myrto
955 1951 1071 1998 nihil
1095 1951 1319 1998 allabores
1388 1953 1417 1991 i*
1439 1965 1454 1988 σ
1475 1970 1486 1990 =.
1547 1969 1560 1988 t
1595 1960 1626 1989 r-

549 2017 753 2065 Sedulus
775 2034 900 2064 curae
918 2034 927 2064 ε
964 2032 1116 2079 neque
1135 2014 1474 2065 ffi‘ffii'nistrum

549 2082 763 2133 Dedecet
783 2092 976 2145 myrtus,
999 2099 1150 2146 neque
1174 2099 1248 2131 me
1271 2084 1359 2131 sub
1381 2083 1511 2132 arcta

807 2149 919 2199 Vite
942 2149 1196 2198 bibentem.
