1976 3432
695 248 747 295 Q.
777 247 1019 288 HORATII
1046 247 1266 290 FLACCI.

389 388 393 393 -
425 367 620 416 Occidit
643 367 766 416 Daci
789 367 1026 419 Cotisonis
1048 382 1243 432 agmen:

425 432 599 482 Medus
622 433 803 483 infestis
826 434 916 481 sibi
938 434 1180 482 luctuosus

754 499 964 547 Dissidet
986 500 1152 548 armis:

429 565 598 625 Servit,
621 566 848 631 Hispanae
873 574 1005 614 vetus
1027 565 1173 613 hostis
1193 580 1303 630 στω,

428 632 682 691 Cantaber,
710 632 815 679 sera
839 632 1044 680 domitus
1067 631 1263 678 catena:

426 697 457 745 J
461 714 535 745 am
562 698 750 761 Scythae
773 698 880 745 laxo
902 698 1185 745 meditantur
1208 712 1321 744 arcu

686 768 689 769 ’
752 756 936 811 Cedere
970 764 1160 826 campis.

426 828 478 876 N
480 829 707 893 eghgens
732 845 792 876 ne
816 846 908 892 qua
931 829 1128 910 populus
1138 829 1342 888 laboret,

428 895 578 943 Parce
600 895 805 958 privatus
828 893 1028 943 nimium
1052 910 1248 952 cavere3

425 961 565 1010 Dona
585 961 828 1024 praesentis
851 977 966 1024 cape
989 961 1122 1008 laetus
1145 961 1285 1020 horae‚
1307 967 1355 1007 et

750 1027 935 1090 Linque
958 1043 1131 1074 severa.

814 1322 954 1370 ODE
998 1321 1142 1370 VIII.

771 1454 838 1486 AD
872 1453 1188 1486 MERCURIUM.

426 1553 846 1617 MERCUR1‚(nam
864 1562 911 1600 te
934 1552 1101 1600 docilis
1124 1553 1346 1615 magistro

415 1616 576 1669 ⁴Movit
599 1620 840 1682 Amphion
863 1619 1043 1680 lapides
1067 1619 1283 1666 canendo
1287 1619 1324 1684 ,)

427 1686 617 1750 Tuque,
641 1686 843 1743 testudo,
867 1700 1085 1731 resonare
1109 1693 1287 1748 septem

752 1748 937 1799 Callida
959 1750 1129 1809 nervis,

426 1818 533 1867 Nec
556 1818 724 1880 loquax
744 1817 856 1864 olim
879 1831 1031 1889 neque
1055 1825 1203 1878 grata,
1227 1832 1358 1864 nunc
1380 1818 1431 1865 et'

426 1884 638 1931 Divitum
662 1882 837 1929 mensis
860 1890 907 1928 et
930 1881 1082 1928 amica
1104 1882 1305 1944 templis,

426 1949 519 1997 Dic
542 1949 705 1996 modos
728 1947 859 2009 Lyde
882 1947 1050 2008 quibus
1072 1946 1328 1994 obstinatas

752 2012 975 2076 Applicet
998 2028 1150 2060 aures.

427 2080 508 2128 Tu
530 2089 661 2144 potes
684 2079 827 2142 tigres
851 2079 1136 2140 comitesque
1160 2078 1298 2126 silvas

427 2146 635 2205 Ducere,
659 2155 707 2193 et
729 2146 849 2192 rivos
873 2144 1050 2192 celeres
1072 2144 1256 2192 morari.

428 2213 584 2259 Cessit
605 2211 824 2258 immanis
846 2211 930 2257 tibi
954 2210 1211 2257 blandienti

754 2276 783 2323 J
788 2286 938 2323 amtor
962 2276 1079 2323 aulae

426 2343 690 2401 Cerberus;
726 2342 936 2404 quamvis
961 2342 1123 2389 furiale
1147 2351 1339 2389 centum

428 2408 651 2457 Muniant
673 2424 851 2471 angues
875 2419 1015 2470 caput
1038 2407 1155 2471 ejuS,
1180 2416 1317 2471 atque

428 2475 630 2539 Spiritus
653 2483 770 2522 teter
788 2474 1040 2536 ¹saniesque
1064 2483 1223 2521 manet

750 2540 848 2587 Ore
871 2540 1093 2603 trilingui.

425 2606 562 2657 Quin
586 2615 634 2653 et
657 2605 793 2653 Ixion
820 2606 1077 2668 Tityosque
1101 2605 1231 2653 vultu

427 2672 556 2719 Risit
579 2673 750 2720 invito:
786 2672 912 2719 stetit
935 2687 1053 2718 urna
1070 2669 1262 2734 paulum

428 2738 585 2798 Sicca,
610 2738 723 2784 dum
746 2746 878 2800 grato
901 2737 1058 2785 Danai
1079 2736 1258 2800 puellas

753 2803 976 2850 Carmine
1000 2803 1192 2849 mulceS.

428 2869 607 2915 Audiat
630 2868 760 2930 Lyde
786 2870 938 2915 scelus
964 2878 1100 2930 atque
1123 2876 1258 2915 notas

427 2934 678 2996 Virginum
702 2951 879 2996 pamas,
904 2944 951 2981 et
975 2935 1114 2980 inane
1138 2931 1337 2994 lymphae

428 2998 620 3047 Dolium
644 2999 789 3046 fundo
813 3000 1052 3061 pereuntis
1076 2999 1185 3057 imo,

755 3066 962 3125 Sei-aque
987 3064 1079 3110 fata

427 3129 552 3180 Quae
576 3139 769 3176 manent
792 3130 953 3191 culpas
976 3130 1116 3175 etiam
1140 3128 1227 3175 sub
1244 3127 1386 3176 Orco.

429 3195 609 3258 Impiae‚
637 3193 767 3259 (nam
791 3196 901 3258 quid
925 3193 1119 3258 potucre
1144 3194 1292 3257 majus
1306 3194 1346 3258 Ἰ)

1734 2145 1797 2194 10

1735 2474 1795 2522 15

1729 2802 1795 2850 20
