1976 3432
189 252 255 304 74

722 248 1053 291 CARMINUM
1082 248 1190 290 LIB.
1221 248 1299 291 lv.

513 368 590 418 Te
611 368 852 418 belluosus
874 371 952 432 qui
976 371 1167 418 remotis

578 435 822 498 Obstrepit
843 435 1068 483 Oceanus
1093 433 1348 495 Britannis,

449 501 526 549 Te
549 517 643 549 non
669 501 880 564 paventis
904 502 1068 548 funera
1091 501 1258 548 Galliae

447 566 684 629 Duraeque
710 568 845 614 tellus
870 569 1001 620 audit
1024 567 1219 613 Iberiae:

513 633 590 681 Te
614 634 744 680 caede
767 634 1028 695 gaudentes
1048 631 1282 680 Sicambri

577 699 863 762 Compositis
886 709 1168 746 venerantur
1192 697 1350 745 armis-

1393 607 1416 628 s*

854 956 993 1005 ODE
1026 957 1167 1007 XIV.

788 1073 1004 1106 AUGUSTI
1028 1072 1236 1104 LAUDES.

444 1157 664 1206 Pnoenus
688 1158 919 1215 volentem
943 1155 1106 1219 proelia
1128 1172 1204 1203 me
1227 1156 1352 1219 loqui

444 1225 608 1274 Victus
631 1234 680 1272 et
703 1225 840 1271 urbes
866 1222 1098 1284 increpuit
1121 1223 1236 1284 lyra,

510 1291 589 1338 Ne
614 1306 753 1352 parva
778 1289 1081 1351 Tyrrhenum
1107 1304 1188 1350 per
1214 1304 1370 1350 aequor

574 1357 693 1403 Vela
718 1356 891 1402 darem.
950 1353 1076 1412 Tua,
1102 1353 1280 1414 Caesar,
1304 1364 1418 1402 aetas

445 1423 628 1484 Fruges
652 1432 699 1468 et
723 1421 845 1484 agris
869 1420 1044 1467 rettulit
1069 1420 1252 1479 uberes,

444 1486 507 1536 Et
531 1489 666 1550 signa
690 1498 847 1534 nostro
871 1486 1072 1533 restituit
1095 1485 1201 1533 Jovi

508 1554 707 1616 Direpta
733 1553 1007 1600 Parthorum
1033 1551 1244 1614 superbis

574 1620 808 1675 Postlbus,
834 1628 881 1666 et
906 1633 1105 1665 vacuum
1131 1618 1299 1664 duellis

442 1685 615 1733 Janum
641 1684 834 1736 Quirini
859 1684 1042 1742 clausit,
1068 1692 1114 1730 et
1135 1684 1349 1730 ordinem

445 1752 654 1799 Rectum
679 1762 725 1797 et
751 1752 936 1813 vaganti
962 1750 1104 1796 fraena
1130 1750 1334 1797 licentiae

508 1814 695 1881 Iiijecit,
721 1817 983 1878 amovitque
1007 1816 1185 1876 culpaS‚

574 1883 635 1930 Et
660 1893 838 1930 veteres
862 1881 1093 1929 revocavit
1117 1890 1255 1940 artes,

441 1949 532 1998 Per
558 1965 673 2011 quas
700 1948 918 1995 Latinum
944 1963 1116 1994 nomen
1141 1956 1187 1992 et
1212 1946 1343 1993 ltalae

441 2016 647 2064 Crevere
674 2015 808 2073 vires,
835 2014 1046 2075 famaque
1065 2022 1112 2059 et
1136 2011 1301 2074 imperi

507 2082 730 2129 Porrecta
755 2078 972 2142 majestas
995 2079 1053 2126 ad
1077 2088 1230 2125 ortum

572 2147 695 2194 Solis
720 2147 778 2192 ab
804 2145 1035 2207 Hesperio
1058 2143 1215 2190 cubili.

441 2213 651 2261 Custode
672 2229 824 2261 rerum
851 2211 1057 2269 Caesare‚
1084 2226 1177 2256 non
1199 2209 1323 2257 furor

442 2279 622 2337 Civilis,
648 2289 726 2325 aut
752 2277 819 2324 vis
842 2277 1016 2323 eximet
1038 2276 1212 2332 otium;

506 2344 554 2391 Ν
560 2361 619 2392 on
647 2345 728 2402 ira,
752 2359 854 2405 quae
879 2341 1093 2404 procudit
1116 2357 1271 2399 enses,

572 2410 632 2456 Et
659 2411 849 2456 miseras
874 2408 1085 2455 inimicat
1109 2408 1261 2454 urbes,

440 2475 551 2523 Non
577 2476 655 2538 qui
679 2475 960 2538 profundum
986 2473 1257 2520 Danubium
1283 2471 1449 2520 bibunt

438 2542 609 2590 Edicta
630 2550 845 2603 rumpent
868 2539 896 2585 J
904 2540 1012 2598 ulia,
1035 2555 1128 2586 non
1149 2539 1299 2597 Getae,

505 2607 621 2655 Non
648 2609 802 2665 Seres,
828 2606 1017 2652 infidive
1043 2605 1214 2662 Persae,

571 2673 680 2720 Non
710 2672 914 2731 Tanaim
940 2686 1081 2733 prope
1107 2669 1280 2716 flumen
1304 2668 1407 2716 orti.

442 2737 634 2800 Nosque
659 2748 703 2785 et
728 2738 940 2800 profestis
963 2736 1147 2783 lucibus
1170 2745 1218 2781 et
1240 2733 1402 2794 sacris,

443 2803 573 2851 Inter
595 2805 742 2866 joca-›si
770 2819 961 2849 munera
987 2801 1161 2859 Liberi,

507 2870 629 2916 Cum
657 2869 784 2932 prole¹
806 2868 1121 2928 matronisque
1146 2864 1332 2924 nostris,

571 2934 685 2981 Rite·
711 2935 823 2981 deos
846 2931 975 2996 prius
999 2931 1248 2994 apprecati,
1286 2939 1288 2941 ’

439 2999 624 3047 Virtute
652 3000 848 3057 functOS,
868 3004 996 3045 more
1019 3007 1216 3059 patrum,
1241 2996 1402 3054 duces),

442 3064 586 3129 Lydis
611 3066 804 3112 remixto
829 3064 1036 3110 carmine
1061 3062 1202 3119 tibiis,

506 3130 790 3192 Trojamque
814 3138 860 3175 et
884 3128 1145 3184 Anchisen,
1170 3136 1216 3172 et
1240 3125 1373 3172 almae

571 3196 850 3258 Progeniem
876 3194 1075 3241 Veneris
1093 3207 1331 3239 canemus.

1763 1751 1825 1799 10

1761 2079 1821 2127 15
