1936 3450
182 264 277 315 108
715 259 767 308 Q.
797 255 1039 300 HORATII
1067 246 1275 298 FLA‘c'cr

777 444 1042 494 SATIRA
1076 443 1219 492 VIII.
1233 465 1237 469 ·

245 581 383 628 OmM
406 589 602 628 truncus
625 595 754 626 eram
778 579 998 638 ficulnus,
1021 573 1186 625 inutile
1210 577 1408 640 lignum,

242 647 412 698 Quum
437 647 582 705 faber,
606 647 814 692 incertus
839 647 1083 691 scamnum
1109 644 1344 690 faceretne
1369 642 1608 704 Priapum,

245 712 543 760 Maluitesse
567 713 723 759 deum.
780 711 914 773 Deus
938 708 1050 758 inde
1076 726 1181 772 ego,
1206 710 1362 756 furum
1386 708 1632 769 aviumque

246 777 457 826 Maxima
482 779 705 842 formido:
741 792 850 824 nam
875 777 1000 829 fures
1024 777 1188 822 dextra
1203 776 1417 833 coercet,

189 887 196 896 x
246 845 338 892 Ast
361 846 650 907 importunas
674 843 886 890 volucres
910 844 958 890 in
983 842 1157 889 vertice
1181 841 1362 887 arundo

247 910 420 958 Terret
438 911 548 970 fixa,
573 919 787 971 vetatque
804 909 943 970 ‘novis
966 908 1212 956 considere
1227 907 1276 953 in
1301 904 1476 953 horti&
1530 925 1532 927 ·

247 977 359 1024 Huc
382 975 512 1039 prius
537 977 748 1038 angustis
773 975 925 1037 ejecta
949 974 1178 1034 cadavera
1200 973 1335 1020 cellis
1403 1014 1407 1019 A
1459 985 1462 989 ·
1622 1015 1629 1027 ,-
1675 1027 1677 1029 ι

247 1043 514 1090 Conservus
538 1043 617 1089 vili
639 1037 868 1104 portanda
890 1041 1076 1088 locabat
1098 1041 1147 1087 in
1172 1039 1298 1086 arca.
1529 1083 1557 1099 ,Ἰ
1610 1036 1698 1099 ἐξ,
1727 1070 1729 1072 ι
1752 1053 1767 1069 f

246 1108 355 1156 Hoc
378 1110 559 1156 miserae
583 1109 708 1172 plebi
733 1108 884 1154 stabat
907 1122 1158 1154 commune
1181 1105 1467 1168 sepulcrum,
1619 1097 1634 1112 ⁶*

246 1175 504 1222 Pantolabo
528 1191 718 1234 scurras,
743 1174 1138 1234 Nomentanoque
1162 1171 1334 1234 nepoti.

245 1241 378 1288 Mille
402 1242 546 1304 pedes
565 1242 614 1287 in
629 1241 807 1300 fronte,
831 1249 1065 1286 trecentos
1084 1239 1247 1301 cippus
1272 1236 1321 1286 in
1346 1250 1511 1298 agrum

245 1307 343 1354 Hic
368 1309 534 1364 dabat3
571 1305 782 1354 haeredes
807 1313 1163 1353 monumentum
1188 1320 1249 1350 ne
1273 1310 1556 1364 sequeretur.

244 1373 293 1420 N
298 1390 390 1420 unc
414 1370 526 1420 licet
550 1370 771 1435 Esquiliis
795 1373 1004 1419 habitare
1027 1370 1307 1428 salubribus,
1327 1378 1464 1430 atque

246 1441 439 1502 Aggere
463 1440 512 1486 in
536 1441 695 1502 aprico
718 1439 922 1502 spatiari,
947 1454 1038 1499 quo
1061 1434 1201 1484 modo
1227 1436 1382 1482 tristes

246 1506 384 1553 Albis
408 1507 654 1554 informem
672 1505 956 1568 spectabant
978 1504 1163 1551 ossibus
1182 1517 1360 1564 agrum.

219 1572 412 1622 -Quum
437 1573 552 1619 mihi
576 1589 671 1619 non
697 1570 881 1619 tantum
906 1570 1140 1631 furesque,
1163 1568 1365 1629 feraeque
1389 1567 1538 1613 suetae

246 1634 393 1685 Hunc
417 1642 583 1686 vexare
607 1639 780 1697 locum,
806 1652 931 1684 curae
956 1646 1066 1683 sunt
1089 1644 1226 1696 atque
1249 1632 1412 1691 labori,

243 1703 496 1754 Quantum
521 1704 809 1751 carminibus
832 1719 934 1765 quae
959 1710 1144 1749 versant
1168 1709 1305 1762 atque
1330 1697 1525 1745 venenis

245 1770 494 1818 Humanos
519 1771 725 1818 animos:
762 1771 846 1816 has
869 1765 998 1816 nullo
1020 1768 1216 1830 perdere
1238 1772 1443 1828 possum*

246 1834 355 1883 Nec
378 1838 625 1899 prohibere
650 1838 804 1895 modo,
829 1836 966 1882 simul
992 1850 1047 1881 ac
1071 1849 1189 1895 vaga
1211 1833 1323 1879 luna
1346 1830 1571 1877 decorum

243 1901 442 1952 Protulit
462 1920 530 1962 os,
555 1903 668 1965 quin
692 1919 798 1949 ossa
820 1902 995 1964 legant,
1020 1900 1278 1960 herbasque
1302 1904 1546 1944 nocentes.
1570 1911 1575 1919 ‘

311 1969 422 2016 Vidi
447 1979 632 2032 egomet
656 1969 792 2031 nigra
817 1968 1109 2015 succinctam
1133 1965 1301 2012 vadere
1324 1961 1448 2026 palla

246 2034 515 2095 Canidiam,
539 2036 739 2097 pedibus
762 2035 902 2081 nudis
926 2048 1153 2096 passoque
1177 2030 1363 2093 capillO,
1487 2042 1490 2043 ’

247 2101 369 2147 Cum
397 2102 585 2163 Sagana
609 2101 783 2163 majore
808 2100 1067 2146 ululantem
1083 2115 1099 2160 ,;
1138 2097 1282 2160 pallor
1306 2096 1526 2155 utrasque

245 2165 444 2214 Fecerat
470 2168 724 2215 horrendas
748 2175 954 2228 aspectu.
1015 2163 1238 2225 Scalpere
1261 2171 1431 2208 terram

245 2232 513 2296 Unguibus,
537 2244 584 2280 et
605 2233 778 2295 pullam
805 2232 1024 2278 divellere
1050 2225 1288 2276 mordiciis
1307 2237 1478 2289 agnam

246 2297 532 2362 Coeperunt:
569 2315 705 2346 cruor
731 2299 779 2345 in
807 2298 978 2344 fossam
1003 2295 1243 2353 confusuS,
1269 2302 1321 2340 ut
1345 2289 1457 2339 inde

248 2368 417 2414 Manes
440 2365 681 2424 elicerent,
708 2364 890 2411 animas
913 2378 1136 2425 responsa
1159 2361 1364 2407 daturas.

248 2435 409 2481 Lanea
431 2441 478 2479 et
501 2431 679 2494 effigies
702 2440 820 2489 erat,
846 2430 990 2476 altera
1013 2444 1152 2475 cerea
1172 2444 1182 2484 ;
1219 2427 1366 2490 major

246 2501 424 2558 Lanea,
448 2514 551 2560 quae
576 2497 726 2560 poenis
750 2504 1071 2558 compesceret
1098 2493 1378 2540 inferiorem.
1418 2497 1420 2502 '

248 2566 401 2613 Cerea
425 2564 694 2626 suppliciter
719 2563 884 2620 stabat,
910 2560 1170 2618 servilibus,
1195 2568 1337 2619 utque

247 2633 277 2678 J
281 2649 355 2678 am
379 2631 599 2693 peritura,
625 2629 787 2675 modis.
848 2627 1065 2687 Hecaten
1091 2634 1224 2672 vocat
1248 2624 1392 2671 altera
1415 2636 1603 2683 saevam,

248 2698 414 2744 Altera
438 2696 733 2757 Tisiphonen
753 2711 762 2740 :
798 2702 1038 2756 serpentes
1063 2700 1199 2753 atque
1223 2690 1405 2736 videres

249 2763 467 2810 Infernas
490 2777 644 2808 errare
669 2776 812 2806 canes
828 2777 852 2817 ;⁴
875 2759 1128 2819 lunamque
1147 2755 1411 2814 rubentem,

249 2829 326 2876 Ne
351 2828 467 2875 foret
491 2827 562 2873 his
586 2827 732 2885 testis,
755 2834 857 2887 post
880 2840 1053 2886 magna
1075 2823 1218 2869 latere
1243 2819 1470 2882 sepulcra.

250 2893 456 2941 Mentior
481 2902 526 2938 at
551 2893 589 2938 si
612 2892 739 2952 quid,
766 2891 938 2937 merdis
961 2892 1101 2951 caput
1123 2887 1339 2948 inquiner
1363 2886 1481 2934 albis
1556 2878 1570 2891 '
1675 2942 1677 2946 Ι
1720 2946 1723 2950 ἢ

251 2961 538 3014 Corvorum;
576 2966 712 3018 atque
738 2957 786 3002 in
807 2972 882 3002 me
906 2956 1096 3001 veniant
1120 2953 1316 2999 mictum
1341 2962 1479 3015 atque
1503 2961 1720 3000 cacatum

252 3026 409 3072 Julius
432 3033 479 3070 et
502 3022 676 3086 fragilis
701 3018 913 3068 Pediatia
937 3021 1099 3081 furque
1123 3019 1356 3065 Voranus.
1614 3045 1615 3048 =

255 3090 454 3153 Singula
475 3089 586 3151 quid
610 3088 899 3134 memorem?
933 3101 1024 3147 quo
1046 3093 1183 3147 pacto
1202 3085 1381 3131 alterna
1402 3083 1646 3145 loquentes

257 3157 442 3204 Umbrae
467 3171 574 3202 cum
600 3154 789 3215 Sagana⁴
814 3151 1079 3199 resonarint
1101 3150 1229 3197 triste
1252 3159 1300 3196 et
1323 3159 1512 3196 acutum
1531 3167 1542 3203 ;

253 3221 408 3285 thue
431 3221 528 3284 lupi
553 3220 746 3267 barbam
768 3218 906 3265 variae
930 3230 1038 3264 curn
1063 3218 1203 3264 dente
1228 3215 1430 3263 colubrae
