1976 3432
0 162 9 188 ‘⁷'
2 113 6 118 “
0 0 18 98 ΝΨἛ

686 264 1016 305 CARMINUM
1046 265 1155 304 LIB.-
1186 265 1264 304 IV.

476 384 709 446 Auguste,
733 384 926 431 virtutes
949 383 997 429 in
1022 399 1171 430 aevum

539 450 628 496 Per
651 450 810 496 titulos
834 465 1156 510 memoresque
1174 449 1322 496 ‘fastos

411 515 664 565 AEternet‘l
698 532 743 574 o,
769 515 862 577 qua
885 515 952 562 sol
979 515 1254 561 habitabiles

411 576 620 629 Illustrat
642 588 763 640 oraS,
790 581 991 627 maxime
1015 581 1298 643 principum,

475 647 637 698 Quem
662 647 778 709 legis
801 655 1018 708 expertes
1042 646 1223 693 Latinae

543 713 782 759 Vindelici
806 711 1016 758 didicere
1041 728 1190 774 nuper

409 779 545 830 Quid
572 778 724 824 Marte
748 794 922 841 posses.
997 777 1149 826 Milite
1174 794 1284 825 nam
1307 787 1389 826 tuo

411 844 595 892 Drusus
618 845 890 903 Genaunos,
916 844 1218 906 implacidum
1242 859 1409 906 genus,

477 911 782 971 Breunosque
810 910 1008 968 veloces,
1033 920 1080 956 et
1103 917 1236 956 arces
1269 953 1272 957 f

544 976 746 1038 Alpibus
770 976 1007 1037 impositas
1030 975 1303 1034 tremendis,

414 1041 602 1104 Dejecit
626 1057 734 1088 acer
757 1039 864 1104 plus
889 1042 990 1088 vice
1014 1041 1230 1103 simplici.

415 1107 568 1170 Major
594 1107 842 1154 Neronum
866 1123 974 1154 mox
997 1123 1138 1169 grave
1162 1107 1376 1169 proelium

479 1174 743 1231 Commisit,
769 1173 1089 1235 immanesque
1115 1172 1312 1220 Rhaetos

547 1239 786 1301 Auspiciis
810 1239 987 1301 pepulit
1011 1239 1235 1285 secundis
1255 1255 1264 1285 :

415 1306 727 1368 Spectandus,
748 1305 796 1351 in
821 1305 1077 1352 certamine
1102 1304 1291 1364 Martio,

415 1372 595 1419 Devota
618 1372 754 1418 morti
779 1381 967 1432 pectora
989 1370 1148 1417 liberae

479 1437 688 1488 Quantis
713 1437 927 1499 fatigaret
949 1437 1112 1494 ruinis,

546 1503 805 1550 Indomitas
828 1500 975 1565 prope
1001 1503 1150 1565 qualis
1172 1502 1326 1550 undas

414 1569 617 1617 Exercet
641 1570 831 1628 Auster,
857 1569 1100 1615 Pleiadum
1126 1569 1270 1616 choro

417 1636 677 1683 Scindente
701 1635 867 1693 nubes,
892 1635 1089 1696 impiger
1114 1635 1318 1680 hostium

482 1702 667 1748 Vexare
691 1711 885 1759 turmas,
909 1710 956 1747 et
980 1701 1256 1747 frementem

545 1765 734 1812 Mittere
757 1781 929 1828 equum
953 1766 1133 1812 medios
1155 1782 1237 1828 per
1261 1765 1408 1827 ignes.

418 1832 502 1880 Sic
525 1832 808 1879 tauriformis
832 1831 1026 1878 volvitur
1051 1832 1272 1891 Aufidus,

414 1899 517 1950 Qui
552 1914 698 1960 regna
722 1898 876 1945 Dauni
903 1897 1101 1960 praefluit
1124 1897 1317 1960 Appuli,

479 1964 646 2015 Quum
670 1965 815 2022 saevit,
840 1964 1212 2025 horrendamque
1237 1964 1373 2010 cultis

547 2030 780 2076 Diluviem
807 2030 1057 2076 meditatur
1081 2030 1231 2092 agris3

415 2095 478 2143 Ut
501 2095 798 2142 barbarorum
825 2095 1054 2142 Claudius
1077 2095 1268 2158 agmina

416 2162 610 2209 Ferrata
633 2171 761 2208 vasto
784 2162 927 2208 diruit
950 2162 1143 2224 impetu,

482 2227 754 2289 Primosque
777 2236 823 2275 et
845 2237 1077 2274 extremos
1100 2227 1336 2286 metendo,

548 2294 718 2340 Stravit
742 2294 953 2352 humum,
978 2293 1078 2339 sine
1102 2293 1236 2339 clade
1260 2294 1421 2354 victor,

418 2358 492 2405 Te
519 2360 693 2421 copiaS,
718 2368 764 2405 te
788 2359 1053 2417 consilium,
1077 2368 1122 2406 et
1142 2369 1247 2405 tuos

419 2424 664 2471 Praebente
688 2425 845 2471 divos:
882 2439 1008 2482 nam,
1033 2425 1115 2470 tibi
1139 2440 1231 2485 quo
1254 2424 1329 2471 die

484 2490 651 2537 Portus
677 2490 976 2537 Alexandrea
999 2490 1193 2551 supplex

549 2554 610 2602 Et
635 2571 827 2602 vacuam
851 2555 1072 2617 patefecit
1095 2555 1267 2614 aulam,

420 2620 632 2668 Fortuna
654 2621 799 2668 lustro
822 2636 1042 2683 prospera
1064 2621 1202 2667 tertio

422 2687 535 2734 Belli
556 2688 789 2734 secundos
813 2686 1015 2738 reddidit
1037 2686 1205 2745 exitus,

485 2753 790 2814 Laudemque
809 2761 856 2799 et
877 2760 1085 2815 optatum
1111 2752 1311 2814 peractis
1334 2748 1338 2758 “

462 2853 470 2865 s
550 2817 764 2879 Imperiis
788 2819 934 2864 decus
958 2817 1199 2879 arrogavit.

418 2883 495 2930 Te
519 2883 755 2931 Cantaber
773 2900 867 2931 non
893 2881 1002 2929 ante
1023 2883 1282 2942 domabilis,

421 2947 699 3011 Medusque,
723 2961 770 2996 et
793 2949 956 3008 Indus,
981 2957 1026 2995 te
1060 2949 1282 3012 profugus
1306 2949 1505 3013 Scythes

486 3013 700 3072 Miratur,
723 3031 752 3062 o
775 3014 920 3061 tutela
942 3029 1147 3076 praesens

551 3078 698 3126 Italiae
722 3080 1014 3141 dominaeque
1038 3079 1236 3128 Romae:

423 3142 517 3202 Te,
542 3144 738 3191 sontium
760 3146 841 3206 qui
865 3145 987 3192 celat
1008 3145 1231 3208 origines,

421 3208 670 3270 Nilusque,
692 3219 740 3258 et
762 3210 897 3270 Ister,
922 3224 968 3257 te
990 3210 1180 3273 rapidus
1203 3210 1380 3273 Tigris,
1456 3228 1460 3233 ’

1734 841 1795 890 10

1734 1173 1795 1219 15

1725 2819 1790 2867 40
