1924 3412
711 285 943 328 EPODON
973 284 1160 327 LIBER.

637 405 748 454 Dux
772 407 904 469 fugit,
930 406 1045 459 ustis
1069 406 1281 464 navibus,

377 472 590 523 Minatus
614 474 717 520 urbi
742 473 909 532 vincla,
931 487 1037 534 quae
1062 472 1326 523 detraxerat

640 540 797 586 Servis
821 539 1001 585 amicus
1019 538 1241 600 perfidis?

379 605 644 664 RomanuS,
669 606 819 651 eheu!
859 604 1052 667 (posteri
1071 599 1304 665 negabitis
1319 602 1355 668 l)

643 669 983 732 Emancipatus
1007 669 1227 728 foeminae,

378 737 492 785 Fert
514 737 687 784 vallum
710 747 757 783 et
780 752 909 782 arma
933 735 1081 795 miles,
1106 745 1154 782 et
1177 735 1462 798 spadonibus

639 802 822 849 Servire
846 802 1028 864 rugosis
1051 810 1230 863 potest3

385 867 610 931 Interque
635 870 771 930 signa
794 877 929 930 turpe
950 868 1166 914 militaria

640 935 718 981 Sol
745 933 946 996 adspicit
967 935 1233 996 conopium.

378 1001 458 1048 Ad
484 1001 572 1047 hoc
593 1000 845 1046 frementes
871 1009 1107 1063 verterunt
1131 1000 1200 1046 bis
1216 999 1349 1056 ‘mille
1372 1013 1516 1062 equos

639 1066 782 1124 Galli,
806 1074 1033 1113 canentes
1058 1065 1323 1123 Caesarem}

378 1132 724 1194 Hostiliumque
748 1132 938 1178 navium
961 1141 1097 1194 portu
1120 1132 1267 1178 latent

639 1199 826 1260 Puppes
851 1195 1168 1245 sinistrorsum
1194 1199 1315 1246 citae.

378 1263 433 1312 Io
455 1263 745 1327 Triumphe!
783 1274 834 1311 tu
859 1264 1051 1310 moraris
1075 1280 1240 1310 aureos

639 1330 835 1388 Currus,
859 1340 906 1377 et
930 1330 1129 1376 intactas
1154 1330 1320 1377 boves:

378 1395 433 1445 Io
456 1395 747 1458 Triumphe!
786 1411 876 1442 nec
900 1395 928 1441 J
934 1397 1186 1458 ugurthino
1209 1412 1369 1459 parem

638 1462 770 1509 Bello
793 1462 1040 1525 reportasti
1064 1462 1234 1509 ducem
1252 1479 1263 1519 ;

377 1527 547 1591 Neque
572 1528 814 1587 Africano,
840 1529 916 1575 cui
942 1544 1080 1591 super
1107 1528 1443 1591 Carthaginem

638 1594 800 1641 Virtus
823 1595 1088 1657 sepulcrum
1114 1595 1339 1642 condidit.

377 1659 533 1708 Terre.
555 1660 764 1722 marique
790 1661 938 1707 victus
963 1660 1108 1707 hostis
1132 1661 1315 1708 Punico

639 1726 859 1788 Lugubre
884 1727 1080 1772 mutavit
1104 1742 1295 1788 sagum3

379 1792 480 1840 Aut
503 1791 580 1838 ille
603 1802 793 1838 centum
818 1792 1022 1839 nobilem
1049 1792 1239 1839 Cretam
1265 1792 1474 1853 urbibus,

641 1858 808 1904 Ventis
833 1859 981 1904 iturus
1005 1874 1099 1904 non
1125 1859 1237 1915 suis,

378 1923 672 1972 Exercitatas
696 1934 775 1971 aut
798 1925 914 1986 petit
938 1925 1099 1986 Syrtes
1123 1923 1279 1982 Noto;

642 1991 740 2037 Aut
765 1989 908 2037 fertur
932 1991 1112 2037 incerto
1137 1991 1267 2039 mari.

383 2056 667 2119 Capaciores
691 2055 803 2102 affer
828 2057 936 2115 huc,
961 2073 1092 2119 puer,
1118 2058 1334 2120 scyphos,

641 2122 702 2169 Et
726 2122 847 2169 Chia
870 2123 992 2180 vina,
1018 2133 1098 2169 aut
1122 2123 1308 2183 Lesbia,

381 2187 488 2248 Vel,
511 2187 632 2250 quod
659 2187 878 2235 fluentem
903 2205 1127 2236 nauseam
1152 2194 1405 2250 coerceat„

643 2253 811 2301 Metire
836 2256 970 2302 nobis
994 2256 1268 2303 Caecubum.

380 2318 556 2367 Curam
580 2332 847 2382 metumque
871 2322 1072 2368 Caesaris
1096 2338 1251 2369 rerum
1272 2322 1403 2385 juvat

644 2385 787 2432 Dulci
810 2386 953 2449 Lyaeo
978 2389 1168 2434 solvere.

801 2647 941 2696 ODE
976 2648 1068 2698 IX.

657 2763 711 2795 IN
744 2738 952 2827 M'AEVIUM
989 2764 1205 2796 POETAM.

381 2839 532 2893 MALA
556 2845 708 2894 soluta
730 2846 857 2895 navis
880 2847 976 2894 exit
999 2847 1125 2906 alite,

641 2912 815 2960 Ferens
836 2912 1039 2959 olentem
1068 2912 1304 2967 Maevium.

379 2975 443 3024 Ut
466 2977 664 3025 horridis
689 2988 930 3040 utrumque
956 2979 1169 3025 verberes
1194 2979 1330 3038 latus,

644 3044 831 3102 Auster,
857 3054 1094 3091 memento
1117 3041 1350 3091 fluctibus.

381 3105 533 3168 Niger
556 3108 970 3168 rudentes-Eurus,
996 3110 1178 3156 inverso
1203 3110 1334 3168 mari,

639 3171 921 3236 Fractosque
946 3191 1098 3221 remos
1122 3175 1316 3221 differat.

379 3235 599 3298 Insurgat
622 3229 809 3300 Aquilo.
832 3250 1034 3292 quantus
1057 3240 1163 3286 aitis
1187 3240 1423 3286 montibus

1692 537 1752 585 10

1692 866 1752 912 15

1686 1196 1832 1256 20v

1684 1859 1748 1907 30
