1976 3432
729 259 783 308 Q.
813 260 1056 306 HORATII
1086 259 1292 300 FLACCI

720 379 825 428 Nos
848 381 1144 428 cantabimus
1167 379 1371 427 invicem

453 446 750 512 Neptunum,
767 455 814 494 et
837 447 1007 494 virides
1032 445 1296 493 Nereidum
1321 459 1509 492 comas:

718 511 800 560 Tu
823 514 967 561 curva
990 513 1175 560 recines
1198 511 1299 574 lyra
1480 511 1536 610 ἱ

410 590 412 595 “
454 580 704 639 Latonam,
728 587 776 626 et
800 579 966 626 celeris
990 579 1171 644 spicula
1191 577 1438 640 Cynthiae:

721 645 919 693 Summo
942 645 1171 703 carmine,
1196 658 1300 706 quae
1324 642 1516 692 Cnidon

455 712 809 776 Fulgentesque
833 720 964 759 tenet
987 711 1237 774 CycladaS,
1262 705 1310 756 et
1332 709 1528 772 Paphon

720 777 910 824 Junctis
934 779 1040 834 visit
1062 777 1270 825 oloribus
1289 792 1298 823 :

456 845 657 893 Dicetur
679 846 848 891 merita
872 843 983 892 Nox
1005 859 1187 908 quoque
1205 841 1376 889 naenia.

839 1105 978 1154 ODE
1012 1103 1211 1154 XXIII.

789 1222 856 1254 AD
891 1220 1236 1260 MAECENATEM.

462 1307 754 1355 TYRRHENA
788 1320 955 1367 regum
980 1303 1246 1366 progenies,
1270 1301 1355 1350 tibi

463 1372 576 1422 Non
601 1370 710 1420 ante
736 1388 869 1418 verso
891 1371 998 1417 lene
1024 1385 1205 1416 merum
1229 1370 1348 1416 cado

530 1440 655 1487 Cum
680 1437 808 1497 flore,
834 1432 1093 1495 MaecenaS,
1118 1451 1344 1495 rosarum,
1369 1443 1418 1482 et

596 1505 765 1552 Pressa
789 1504 881 1551 tuis
905 1502 1102 1549 balanus
1125 1502 1306 1564 capillis

464 1572 756 1619 Jamdudum
783 1570 907 1632 apud
933 1585 1008 1615 me
1032 1577 1116 1615 est.
1188 1567 1331 1630 Eripe
1354 1577 1401 1614 te
1426 1576 1599 1616 morae:

467 1637 547 1686 Ne
572 1653 755 1699 semper
781 1637 928 1686 udum
953 1634 1107 1681 Tibur
1132 1643 1178 1681 et
1203 1634 1383 1681 AEsulae

531 1703 729 1751 Declive
753 1701 1085 1764 contempleris
1108 1715 1286 1759 arvum,
1311 1708 1361 1747 et

597 1769 834 1831 Telegoni
854 1768 969 1830 juga
990 1762 1251 1830 parricidae.

468 1836 782 1884 Fastidiosam
807 1835 971 1881 desere
995 1833 1197 1895 copiam,
1221 1841 1270 1879 et

469 1902 647 1950 Molem
671 1901 978 1964 propinquam
1002 1899 1206 1946 nubibus
1231 1898 1417 1945 arduis:

534 1967 716 2015 Omitte
739 1966 897 2015 mirari
922 1966 1069 2012 beatae

601 2033 808 2080 Fumum
831 2041 879 2079 et
900 2047 1013 2094 opes
1036 2030 1372 2093 strepitumque
1395 2028 1580 2076 Romae.

470 2098 755 2162 Plerumque
779 2107 924 2161 gratae
947 2097 1168 2144 divitibus
1191 2096 1319 2142 vices
1339 2112 1350 2152 ;

469 2166 762 2227 Mundaeque
784 2180 926 2227 parvo
948 2163 1036 2211 sub
1059 2163 1153 2210 lare
1177 2177 1437 2225 pauperum

537 2232 718 2290 Coenae,
743 2232 845 2278 sine
871 2230 1030 2277 aulaeis
1055 2238 1103 2276 et
1125 2238 1266 2287 ostro,

605 2297 862 2344 Sollicitam
889 2294 1158 2358 explicuere
1184 2294 1398 2341 frontem.

472 2364 501 2411 J
506 2380 581 2411 am
605 2364 760 2411 clarus
782 2362 1020 2410 occultum
1040 2360 1371 2408 Andromedes
1388 2366 1520 2422 pater

471 2431 698 2479 Ostendit
722 2429 879 2492 ignem
900 2445 911 2475 ι
943 2428 1039 2491 jam
1065 2427 1280 2489 Procyon
1305 2426 1431 2485 furit,

537 2497 600 2544 Et
623 2496 756 2543 stella
779 2494 942 2541 vesani
968 2494 1159 2552 Leonis,

607 2563 718 2609 Sole
743 2562 843 2608 dies
867 2561 1098 2607 referente
1122 2560 1288 2606 siccos.

472 2629 502 2676 J
507 2645 582 2676 am
606 2638 761 2691 pastor
786 2628 975 2674 umbras
998 2642 1107 2672 cum
1132 2641 1274 2688 grege
1299 2623 1525 2686 languido

473 2696 744 2756 Rivumque
771 2694 919 2740 sessus
942 2692 1122 2754 quaerit,
1146 2701 1193 2738 et
1218 2690 1391 2737 horridi

539 2761 746 2808 Dumeta
773 2759 981 2816 Silvani3
1017 2767 1237 2819 caretque

606 2827 734 2888 Ripa
758 2826 886 2888 vagis
909 2825 1144 2872 taciturna
1168 2822 1333 2869 ventiS.

473 2892 555 2940 Tu
579 2893 816 2945 civitatem
841 2892 945 2953 quis
969 2891 1137 2951 deceat
1160 2897 1307 2934 status

474 2958 641 3016 Curas,
666 2967 713 3004 et
738 2958 852 3004 Urbi
871 2957 1097 3003 sollicitus
1115 2955 1252 3001 times

537 3024 672 3074 Quid
700 3024 840 3070 Seres
864 3032 911 3068 et
935 3030 1129 3084 regnata
1152 3020 1280 3080 Cyro

609 3089 778 3136 Bactra
804 3097 983 3150 parent,
1009 3087 1284 3146 Tanaisque
1308 3084 1503 3132 discors·

480 3156 696 3203 Prudens
721 3155 860 3202 futuri
886 3153 1107 3215 temporis
1130 3151 1308 3198 exitum

481 3221 753 3284 Caliginosa
778 3229 916 3267 nocte
939 3219 1108 3282 premit
1131 3217 1261 3264 Deus
1278 3252 1292 3274 ‚

1737 444 1830 492 ,ιο
1908 504 1914 511 ,

1775 771 1836 822 15

1784 1896 1839 1947 10

1786 2225 1848 2274 15
