1936 3450
725 290 832 333 ARS
851 290 1117 332 POETICA.

168 415 419 479 Postquam
444 413 588 476 coepit
609 429 746 476 agros
765 413 1019 461 extendere
1043 381 1206 472 victor,
1230 420 1278 459 et
1301 411 1466 462 urbem

146 490 150 494 '
169 480 327 531 Latior
350 480 568 543 amplecti
592 496 769 539 murus,
794 480 993 540 vinoque
1016 478 1185 526 diurno

170 547 352 597 Placari
370 546 552 597 Genius
572 545 735 593 festis
723 561 916 608 impune
938 545 1121 604 diebus,

171 613 393 661 Accessit
415 612 714 674 numerisque
739 611 981 672 modisque
1005 610 1197 657 licentia
1220 609 1378 674 major.

171 679 399 727 Indoctus
421 679 530 741 quid
556 679 684 725 enim
709 675 907 739 saperet,
932 677 1140 738 liberque
1163 676 1393 736 laborum,

171 745 401 793 Rusticus
424 745 604 791 urbano
628 744 867 800 confusus,
892 743 1063 805 turpis
1063 743 1290 789 honesto?

174 812 257 858 Sic
279 811 444 874 priscae
470 820 740 884 motumque
764 818 811 856 et
833 809 1064 855 luxuriam
1090 797 1270 856 addidit
1293 808 1381 855 arti

172 877 396 936 Tibicen,
420 876 647 938 traxitque
673 891 817 937 vagus
839 890 921 936 per
943 874 1122 936 pulpita
1143 883 1333 921 vestem.

175 944 257 990 Sic
281 944 421 989 etiam
446 941 616 988 fidibus
639 957 776 988 voces
801 956 990 987 crevere
1016 940 1206 999 severis,

173 1008 237 1056 Et
259 1006 364 1055 tulit
385 1008 619 1069 eloquium
645 1007 881 1054 insolitum
910 1005 1130 1052 facundia
1152 1021 1384 1068 praeceps3

172 1074 460 1136 Utiliumque
484 1090 627 1136 sagax
649 1089 821 1130 rerum,
846 1074 892 1120 et
915 1072 1073 1118 divina
1097 1072 1254 1130 futuri,
1340 1120 1341 1123 ,

177 1141 418 1203 Sortilegis
437 1156 530 1187 non
552 1139 821 1213 discrepuit
826 1138 1058 1184 sententia
1078 1137 1287 1200 Delphis.

239 1207 472 1254 Carmine
485 1205 563 1267 qui
587 1205 765 1267 tragico
790 1205 928 1251 vilem
953 1204 1147 1264 certavit
1168 1205 1229 1250 ob
1252 1204 1451 1263 hircum,

174 1271 292 1320 Mox
314 1273 455 1319 etiam
480 1281 687 1334 agrestes
708 1272 898 1332 Satyros
923 1270 1132 1328 nudavit,
1157 1279 1204 1316 et
1228 1286 1362 1332 asper

175 1338 409 1386 Incolumi
432 1338 656 1400 gravitate
676 1337 835 1399 jocum
859 1337 1069 1394 tentavit,
1093 1334 1151 1382 eo
1176 1333 1315 1397 quod

176 1404 419 1451 Illecebris
441 1412 540 1450 erat
563 1413 610 1450 et
632 1403 764 1465 grata
785 1403 989 1449 novitate
1013 1403 1267 1458 morandus

178 1471 438 1544 Spectator,
454 1470 743 1544 functusque
768 1468 928 1527 sacris,
953 1477 1000 1515 et
1023 1477 1175 1530 potuS‚
1201 1477 1248 1514 et
1270 1468 1420 1515 exlex.

176 1535 357 1583 Verum
377 1537 440 1584 ita
463 1537 646 1593 risores,
674 1535 735 1581 ita
758 1534 1092 1582 commendare·
1113 1534 1302 1580 dicaces

178 1602 443 1649 Conveniet
467 1602 671 1662 Satyros,
697 1601 760 1647 ita
782 1610 960 1646 vertere
984 1601 1105 1646 seria
1127 1600 1254 1658 ludo,

178 1667 258 1715 Ne
282 1668 548 1730 quicunque
573 1667 706 1724 deus,
730 1666 997 1727 quicunque
1022 1666 1318 1713 adhibebitur
1342 1654 1495 1725 heros,

179 1733 352 1796 Regali
377 1742 656 1795 conspectus
680 1732 728 1778 in
754 1748 865 1778 auro
889 1747 1038 1793 nuper
1062 1743 1109 1779 et
1133 1741 1273 1791 ostro,

179 1797 387 1862 Migret
376 1816 424 1846 111
445 1799 670 1845 obscuras
694 1798 858 1844 humili
882 1814 1096 1844 sermone
1120 1798 1364 1854 tabernas3

179 1866 295 1924 Aut,
320 1866 432 1911 dum
456 1865 567 1911 vitat
592 1865 801 1922 humum,
826 1864 975 1910 nubes
998 1874 1045 1910 et
1069 1863 1229 1910 inania
1252 1872 1420 1926 captet.

179 1930 376 1978 Effutire
400 1931 524 1977 leves
548 1930 742 1991 indigna
761 1929 1016 1991 Tragoedia
1041 1936 1213 1986 versus,
1258 1984 1260 1986 ‚

179 1996 243 2044 Ut
267 1997 393 2043 festis
417 2005 627 2043 matrona
645 1996 817 2042 moveri
836 1996 963 2058 jussa
988 1995 1169 2054 diebus,

179 2061 399 2110 Intererit
424 2062 600 2137 Satyris
623 2059 816 2124 paulum
839 2062 1115 2123 pudibunda
1138 2061 1374 2123 protervis.

180 2128 291 2175 Non
315 2145 403 2191 ego
427 2129 640 2175 inornata
662 2137 708 2174 et
732 2128 1020 2175 dominantia
1044 2128 1234 2174 nomina
1259 2126 1411 2175 solum

179 2194 444 2256 Verbaque,
472 2194 666 2241 Pisones
673 2195 979 2255 ,Satyrorum
1005 2189 1200 2255 scriptor
1225 2194 1418 2252 amab03

180 2259 287 2307 Nec
311 2261 378 2307 sic
401 2260 550 2308 enitar
575 2233 752 2322 tragico
776 2260 960 2306 differre
985 2259 1144 2318 colori,

180 2325 244 2373 Ut
267 2326 382 2372 nihil
407 2326 586 2373 intersit
610 2325 832 2372 Davusne
857 2326 1085 2388 loquatur,
1102 2335 1156 2372 ‘et
1179 2326 1334 2372 audax

182 2391 373 2453 Pythias
396 2401 617 2439 emuncto
640 2391 822 2438 lucrata
847 2391 1039 2438 Simone
1057 2391 1302 2451 talentum,

183 2457 263 2504 An
287 2467 444 2504 custos
469 2457 758 2517 famulusque
784 2456 859 2503 dei
885 2457 1074 2503 Silenus
1100 2457 1292 2503 alumni.

182 2522 256 2569 Ex
279 2533 387 2570 noto
413 2523 572 2569 fictum
598 2538 787 2568 carmen
812 2538 993 2583 sequar,
1012 2533 1060 2568 ut
1084 2523 1170 2568 sibi
1194 2522 1343 2583 quivis

184 2589 351 2651 Speret
376 2589 526 2645 idem3
563 2588 699 2635 sudet
722 2585 919 2634 multum
946 2586 1204 2648 frustraque
1229 2588 1406 2635 laboret

185 2654 344 2700 Ausus
370 2655 519 2701 idem:
557 2651 740 2700 tantism
765 2653 908 2700 series
928 2653 1240 2716 juncturaque
1264 2653 1421 2715 pollet,

184 2718 396 2766 'santiim
419 2721 478 2766 de
505 2720 658 2766 medio
682 2719 877 2782 sumptis
901 2718 1084 2765 accedit
1104 2720 1305 2767 honoris·
1325 2763 1331 2771 „

188 2784 324 2831 Silvis
346 2786 534 2831 deducti
558 2795 768 2843 caveant,
794 2801 868 2832 me
888 2785 1065 2846 judice,
1087 2784 1259 2847 Fauni,

187 2847 280 2907 Ne,
305 2850 427 2897 velut
451 2851 598 2897 innati
618 2851 764 2898 triviis
787 2867 842 2898 ac
865 2847 987 2912 pene}
1015 2850 1236 2909 forenses,

194 2914 289 2960 Aut
311 2913 508 2978 nimium
532 2917 705 2963 teneris
725 2916 1005 2978 juvenentur
1031 2916 1239 2976 versibus
1263 2932 1486 2978 unquam,

190 2980 290 3026 Aut
310 2969 550 3028 immunda
572 2994 767 3045 crepent
791 2981 1192 3044 ignominiosaque
1216 2982 1368 3029 dicta:

187 3043 503 3092 Offenduntur
525 3047 667 3106 enim,
691 3047 858 3121 quibus
880 3056 952 3093 est
974 3062 1120 3109 equus
1143 3057 1190 3094 et
1212 3057 1340 3123 pater
1364 3059 1410 3094 et
1434 3062 1532 3103 res;

190 3109 237 3156 N
241 3126 311 3169 ec
337 3110 374 3156 si
397 3110 508 3171 quid
533 3111 652 3159 fricti
677 3113 844 3159 ciceris
866 3113 1028 3174 probat
1051 3122 1097 3160 et
1122 3115 1258 3160 nucis
1281 3123 1477 3175 emptor,

189 3173 358 3236 AEquis
380 3175 617 3237 accipiunt
639 3178 808 3224 animis
831 3178 1063 3225 donantve
1087 3194 1275 3225 corona.

256 3239 443 3301 Syllaba
465 3240 605 3304 longa
623 3242 749 3289 brevi
773 3242 982 3304 subjecta
1005 3253 1193 3290 vocatur
1220 3243 1437 3300 Iambus;

1645 292 1736 341 187

1644 542 1741 590 210

1646 872 1744 921 215

1647 1203 1745 1251 220

1649 1862 1748 1911 230

1648 2193 1747 2241 235

1649 2521 1747 2569 240

1616 2897 1627 2905 ‚
1653 2849 1750 2896 245>

1654 3175 1751 3224 250
