1936 3450
601 283 1009 325 EPISTULARUM
1040 282 1147 323 LIB.
1178 285 1214 324 Ι.
1244 285 1309 324 16.

188 403 576 467 Praeteragendus
599 421 775 467 equus:
811 408 842 430 ‘⁶
856 401 973 455 Quo
996 404 1184 451 tendis?
1217 419 1312 451 non
1336 403 1453 451 mihi
1477 402 1656 452 Cumas

188 470 276 518 Est
297 470 400 530 iter,
425 480 504 517 aut
527 471 712 530 Baias,”
738 470 854 518 laeva
876 471 1197 517 stomachosus
1221 469 1406 516 habena

187 535 330 583 Dicet
352 551 520 598 eques:
556 538 639 583 sed
662 537 794 599 equis
818 537 1010 584 fiaenato
1032 544 1103 582 est
1126 536 1251 582 auris
1274 536 1323 582 in
1345 551 1426 583 ore
1443 535 1478 600 ε)

187 600 340 664 Major
362 611 517 649 utrum
539 603 762 665 populum
787 602 1010 650 frumenti
1033 602 1167 663 copia
1189 609 1375 663 pascat;

187 667 486 715 Collectosne
510 669 672 715 bibant
694 666 881 726 imbres,
904 678 1130 730 puteosne
1153 682 1388 729 perennes

186 732 219 780 J
223 733 326 796 ugis
340 744 507 795 -aquae‘z
547 733 680 792 (nam
706 734 813 780 vina
835 734 952 781 nihil
978 750 1128 781 moror
1152 733 1275 779 illius
1297 747 1419 780 oroe:

186 798 322 846 Rure
346 815 451 846 meo
472 816 661 861 possum
684 799 866 862 quidvis
887 800 1090 861 perferre
1113 799 1299 860 patique
1320 815 1334 855 ς

188 865 268 912 Ad
292 881 419 911 mare
442 880 587 926 quum
611 867 734 924 veni,
758 881 1037 927 generosum
1060 874 1108 912 et
1130 865 1237 911 lene
1262 863 1462 926 requiro,

185 929 334 981 Quod
358 946 493 977 curas
518 932 691 993 abigat,
716 932 839 993 quod
862 946 972 976 cum
997 947 1077 992 spe
1102 931 1243 977 divite
1266 938 1427 977 manet

187 995 246 1043 In
271 1012 412 1042 venas
436 998 737 1059 animumque
762 1012 935 1054 meum,
959 998 1082 1058 quod
1106 997 1245 1043 verba
1267 995 1540 1061 ministret.)

187 1061 394 1109 Tractus
418 1073 517 1110 uter
540 1063 697 1126 plures
719 1063 914 1125 lepores,
938 1072 1041 1109 uter
1064 1062 1234 1108 educet
1257 1078 1417 1124 apros·
1405 1098 1418 1120 ‚

186 1127 303 1175 Utra
326 1126 474 1190 magis
497 1129 650 1190 pisces
673 1138 720 1175 et
742 1129 936 1175 echinos
960 1142 1144 1190 aequora
1167 1128 1349 1185 celent3

187 1188 383 1256 Pinguis
408 1203 458 1240 ut
481 1194 591 1241 inde
615 1195 805 1242 domum
828 1193 1000 1256 possim
1028 1195 1290 1255 Phaeaxque
1315 1195 1514 1242 reverti:

188 1260 404 1307 Scribere
428 1269 474 1306 te
498 1259 648 1319 nobiS,
672 1260 757 1307 tibi
781 1276 866 1307 nos
888 1261 1154 1319 accredere,
1178 1276 1261 1321 par
1284 1268 1368 1307 est.

254 1324 474 1384 Maenius,
500 1335 565 1384 ut,
589 1299 730 1372 rebus
751 1326 974 1372 maternis
998 1335 1135 1399 atque
1159 1326 1366 1389 paternis

188 1390 391 1439 Fortiter
416 1364 687 1454 absumptis,
708 1393 914 1438 urbanus
939 1392 1080 1454 coepit
1098 1391 1276 1450 haberi,

191 1458 367 1504 Scurra
388 1474 548 1520 vagus,
572 1474 667 1504 non
692 1459 771 1532 qui
795 1468 973 1505 certum
998 1473 1205 1520 praesepe
1229 1467 1425 1519 teneret,

191 1522 465 1586 Impransus
487 1539 582 1570 non
604 1524 684 1586 qui
708 1524 859 1570 civem
884 1524 1181 1586 dignosceret
1203 1523 1352 1583 hoste,

187 1589 462 1639 Quaelibet
451 1606 500 1638 ln
525 1589 734 1652 quemvis
756 1590 1002 1652 opprobria
1026 1590 1202 1652 fingere
1227 1605 1393 1650 saevus,

189 1654 430 1702 Pernicies
453 1665 500 1702 et
522 1665 772 1718 tempestas
798 1656 1154 1717 barathrumque
1179 1655 1380 1715 macelli,

188 1720 437 1783 Quidquid
459 1722 721 1783 quaesierat,
747 1722 895 1768 ventri
919 1722 1123 1768 donabat
1147 1737 1297 1767 avaro.

191 1786 304 1846 Hic,
331 1787 410 1833 ubi
434 1787 654 1850 nequitiae
679 1787 934 1834 fautoribus
957 1796 1005 1834 et
1027 1786 1203 1834 timidis
1225 1786 1291 1834 nil
1313 1801 1318 1807 ’
1479 1837 1482 1843 ,

190 1852 290 1899 Aut
311 1853 503 1915 paulum
528 1852 793 1911 abstulerat,
816 1852 999 1915 patinas
1023 1853 1240 1899 coenabat
1261 1853 1427 1912 omasi,

188 1918 310 1965 Vilis
332 1927 379 1965 et
402 1919 603 1981 agninae,
627 1918 775 1965 tribus
797 1919 918 1966 ursis
934 1919 1064 1981 quod
1087 1916 1199 1965 satis
1222 1927 1371 1975 esset;

192 1985 390 2032 Scilicet
415 1995 465 2032 ut
487 1994 671 2031 ventres
692 1984 852 2031 lamna
874 1985 1107 2032 candente
1130 1993 1354 2045 nepotum
1422 2028 1426 2049 ,Δ

189 2049 382 2097 Diceret
406 2050 624 2110 urendos,
648 2056 886 2099 corrector
907 2051 1113 2100 Bestius.
1188 2050 1320 2097 Idem

187 2114 435 2178 Quidquid
458 2125 557 2163 erat
579 2126 746 2163 nactus
769 2117 936 2178 praedoe
962 2116 1162 2179 majoriS,
1187 2116 1267 2162 ubi
1290 2131 1430 2163 omne

188 2181 405 2229 Verterat
428 2183 476 2229 in
503 2182 681 2228 fumum
703 2191 751 2229 et
775 2182 1000 2241 cinerem,
1025 2188 1052 2207 ‘⁴
1072 2181 1183 2228 Non
1209 2179 1400 2232 hercule
1427 2181 1616 2243 miror,’'

191 2248 378 2306 Aiebat,
404 2252 432 2273 “
454 2248 491 2294 si
516 2248 594 2309 qui
617 2249 871 2295 comedunt
895 2249 1031 2306 bona,
1056 2263 1199 2309 quum
1223 2250 1282 2294 sit
1303 2248 1447 2295 obeso

190 2312 273 2359 Nil
300 2314 466 2360 melius
487 2314 640 2372 turdo,
666 2314 729 2359 nil
756 2314 892 2360 vulva
914 2313 1155 2376 pulchrius
1178 2313 1379 2376 amplal’

192 2378 431 2426 Nimirum
458 2380 535 2425 hic
559 2395 647 2440 ego
671 2395 801 2435 sum3
838 2395 947 2425 nam
972 2388 1071 2426 tuta
1093 2388 1140 2425 et
1162 2379 1353 2443 parvula
1377 2379 1536 2439 laudo,

188 2444 355 2495 Quum
380 2461 454 2491 res
478 2444 717 2502 deficiunt,
743 2442 855 2490 satis
879 2445 998 2491 inter
1022 2445 1128 2491 vilia
1150 2443 1307 2491 fortis:

189 2507 387 2569 Verum,
410 2509 490 2556 ubi
514 2510 625 2571 quid
651 2510 831 2556 melius
839 2511 1069 2572 contingit
1091 2519 1138 2556 et
1161 2509 1365 2568 unctius,
1390 2509 1516 2556 idem

191 2575 291 2623 Vos
314 2592 475 2638 sapere
499 2585 547 2622 et
569 2575 690 2622 solos
714 2576 788 2622 aio
812 2576 931 2622 bene
955 2576 1124 2632 vivere,
1147 2590 1344 2636 quorum

191 2641 491 2704 Conspicitur
515 2641 675 2688 nitidis
699 2641 893 2694 fundata
917 2642 1119 2704 pecunia
1143 2640 1276 2687 villis.
1345 2688 1347 2690 ,

689 2933 1024 2985 EPISTOLA
1057 2934 1195 2984 XVI.

752 3067 818 3099 An
837 3065 1042 3103 QulNc'ri
1048 3066 1130 3098 UM-

191 3164 241 3213 N
247 3182 274 3212 a
298 3165 598 3229 perconteris,
622 3166 793 3213 fundus
814 3181 962 3225 meus,
985 3166 1157 3228 optime
1174 3166 1393 3225 Quincti,

192 3231 320 3279 Arvo
341 3241 501 3295 pascat
524 3232 704 3344 herl-1²12,
723 3247 784 3279 an
808 3232 966 3279 baccis
987 3231 1226 3293 opulentet
1246 3231 1399 3291 olivae,

1661 285 1746 334 161

1695 666 1755 713 15

1692 996 1759 1045 20

1657 2303 1757 2363 ’4ο
