1976 3432
716 250 768 296 Q.
799 249 1040 289 HORATII
1070 249 1274 291 FLACCI

438 369 669 417 Famosus
691 369 876 431 hospes,
899 384 990 416 nec
1009 369 1188 417 Priami
1211 371 1379 418 domus

504 434 699 497 Perjura
720 450 962 498 pugnaces
985 435 1196 484 Achivos

569 500 821 548 Hectoreis
842 501 1009 564 opibus
1032 501 1270 564 refringit:

438 566 718 628 Nostrisque
743 567 938 613 ductum
962 567 1276 615 seditionibus·
1345 604 1347 606 -

439 634 624 685 Bellum
647 633 832 679 resedit.
889 633 1120 680 Protenus
1143 642 1190 681 et
1212 650 1378 697 graves

505 699 623 757 Iras,
646 707 694 745 et
716 699 919 745 invisum
942 708 1177 761 nepotem,

569 764 750 811 Troica
771 779 910 826 quem
931 765 1112 827 peperit
1134 766 1371 826 sacerdos,

441 831 585 879 Marti
609 831 861 877 redonabo.
920 829 1066 877 Illum*
1085 847 1174 894 ego
1197 831 1381 879 lucidas

441 898 568 945 Inire
593 897 745 956 sedes,
771 897 946 942 ducere
969 898 1176 944 nectaris

508 964 706 1021 Succos,
729 971 777 1009 et
800 962 1003 1009 adscribi
1026 963 1209 1024 quietis

572 1028 833 1076 Ordinibus
855 1028 1004 1090 patiar
1028 1029 1237 1077 deorum.

440 1095 569 1143 Dum
591 1095 761 1157 longus
784 1094 907 1141 inter
928 1095 1085 1141 saeviat
1107 1093 1230 1142 Ilion

442 1161 740 1222 Romamque
761 1170 962 1222 pontus;
998 1161 1209 1222 qualibet
1229 1161 1416 1209 exsules

507 1227 565 1274 In
589 1236 720 1290 parte
742 1235 971 1289 regnanto
994 1227 1118 1273 beati
1140 1243 1150 1274 ε

573 1293 700 1339 Dum
725 1292 900 1339 Priami
924 1292 1195 1354 Paridisque
1219 1293 1354 1341 busto

443 1359 643 1407 Insultet
666 1368 947 1417 armentum,
970 1368 1017 1405 et
1039 1359 1218 1407 catulos
1242 1359 1352 1406 ferae

443 1426 614 1474 Celent
637 1425 824 1482 inultae;
861 1433 950 1471 stet
972 1425 1255 1487 Capitolium

509 1492 735 1554 Fulgens,
759 1491 1144 1554 triumphatisque
1166 1491 1313 1553 possit

574 1558 731 1604 Roma
755 1557 884 1604 ferox
907 1557 1018 1603 dare
1039 1557 1144 1619 jura
1168 1556 1339 1604 Medis.

444 1624 693 1672 Horrenda
716 1621 809 1670 late
834 1639 1007 1670 nomen
1033 1624 1081 1670 in
1107 1623 1292 1670 ultimas

445 1690 682 1738 Extendat
703 1706 835 1746 oras;
871 1689 963 1750 qua
987 1689 1172 1736 medius
1195 1690 1344 1751 liquor

512 1757 728 1804 Secernit
752 1755 974 1818 Europen
998 1755 1056 1802 ab
1080 1756 1215 1814 Afro,

573 1822 690 1872 Qu&
713 1822 921 1868 tumidus
943 1822 1064 1883 rigat
1087 1837 1194 1868 arva
1218 1820 1387 1868 Nilus:

446 1889 632 1936 Aurum
657 1889 951 1949 irrepertum‚
975 1896 1022 1933 et
1045 1888 1115 1934 sic
1139 1885 1471 1934 meliussitum

445 1955 612 2006 Quum
637 1963 760 2001 terra
783 1954 920 2012 celat,
945 1969 1165 2015 spernere
1190 1953 1363 2012 fortior,

510 2019 673 2071 Quam
698 2035 867 2082 cogere
891 2020 1120 2066 humanos
1144 2019 1192 2065 in
1217 2029 1344 2078 usus,

578 2087 736 2134 Omne
761 2101 946 2132 sacrum
969 2085 1178 2147 rapiente
1202 2085 1380 2132 dextra.

446 2153 738 2214 Quicunque
761 2153 940 2198 mundo
961 2151 1188 2198 terminus
1210 2150 1403 2210 obstitit,

449 2219 595 2266 Hunc
619 2227 782 2280 tangat
806 2219 962 2276 armis,
987 2217 1134 2263 visere
1157 2217 1363 2279 gestiens

513 2285 629 2336 Qua
651 2294 781 2346 parte
806 2284 1157 2331 debacchentur
1182 2283 1334 2345 igneS,
1396 2332 1398 2334 ,

578 2350 694 2400 Qua
718 2349 900 2396 nebulae
923 2349 1158 2412 pluviique
1182 2365 1324 2396 rores,

452 2417 548 2464 Sed
572 2413 804 2463 bellicosis
829 2416 922 2462 fata
943 2414 1212 2465 Quiritibus

451 2483 562 2531 Hac
585 2483 689 2545 lege
714 2482 836 2540 dico,
861 2497 938 2540 ne,
964 2478 1161 2528 nimium
1189 2480 1269 2543 pii,

516 2549 774 2610 Rebusque
800 2548 1015 2606 fidentes,
1040 2547 1172 2594 avitae

581 2614 735 2661 Tecta
758 2614 903 2661 velint
925 2629 1139 2675 reparare
1163 2611 1337 2677 Trojae.

451 2679 608 2742 Trojae
633 2696 886 2727 renascens
908 2679 1016 2726 alite
1040 2678 1226 2740 lugubri

452 2746 661 2793 Fortuna
684 2746 803 2792 tristi
826 2745 960 2792 clade
983 2743 1240 2802 iterabitur,

516 2811 733 2858 Ducente
758 2811 972 2867 victrices
995 2819 1204 2856 catervas

582 2877 798 2939 Conjuge
822 2892 897 2923 me
916 2875 1050 2923 Jovis
1067 2883 1114 2922 et
1137 2888 1306 2920 sorore.

453 2940 552 2989 Ter
575 2942 612 2988 si
638 2953 847 3004 resurgat
870 2957 1031 2988 murus
1055 2941 1262 2987 aheneus

453 3008 661 3055 Auctore
686 3007 889 3063 Phoeb0;
925 3016 994 3053 ter
1017 3013 1178 3068 pereat
1200 3004 1317 3051 meis

518 3073 718 3120 Excisus
742 3072 956 3134 Argivis;
992 3080 1061 3117 ter
1086 3086 1198 3116 uxor

583 3137 733 3199 Capta
756 3137 903 3183 virum
926 3151 1185 3198 puerosque
1207 3134 1384 3197 ploret.’

456 3203 567 3251 Non
591 3204 692 3250 haec
712 3203 882 3266 jocosae
907 3202 1192 3250 conveniunt
1215 3201 1339 3263 lyroe.

1755 1277 1820 1344 210

1758 1625 1822 1673 45

1758 1953 1824 2001 50

1760 2611 1825 2660 60
