1924 3412
441 559 1060 638 Q.HORAT11
1134 538 1542 625 FLA'CCI

392 706 408 727 Ι

705 765 1288 822 SATIRARUM

770 963 944 1013 LIBER
971 952 1210 1009 Primus*

829 1342 1094 1392 SATIRA
1129 1342 1168 1390 Ι.

774 1460 841 1492 ΑΙ)
865 1459 1208 1491 MAEGENATEM.
1472 1459 1512 1469 '⁰

301 1545 406 1598 Qui
431 1545 498 1605 fit,
525 1544 781 1603 Maecenas,
806 1553 857 1590 ut
880 1559 1021 1591 nemo
1040 1559 1179 1605 quam
1205 1543 1292 1591 sibi
1317 1555 1490 1593 sortem

302 1615 400 1661 Seu
423 1613 540 1659 ratio
563 1612 760 1668 dederit,
784 1626 868 1656 seu
893 1610 985 1657 fors
1007 1610 1248 1671 objecerit,
1274 1610 1354 1657 illa

301 1679 567 1726 Contentus
591 1678 726 1734 vivat,
750 1676 910 1722 laudet
934 1676 1115 1725 diversa
1137 1678 1418 1738 sequentes'l

302 1750 331 1771 “
349 1746 395 1791 O
423 1744 640 1790 fortunati
667 1742 1006 1788 mercatoresl''
1044 1742 1198 1803 gravis
1222 1743 1358 1788 annis

303 1810 444 1858 Miles
468 1811 547 1868 ait,
573 1808 718 1855 multo
736 1808 832 1870 jam
854 1807 1027 1854 fractus
1053 1808 1263 1854 membra
1287 1808 1459 1857 labore.

301 1874 481 1925 Contra
506 1848 751 1934 mercator,
779 1874 932 1920 navim
953 1863 1240 1937 jactantibus
1256 1875 1469 1935 Austris,

302 1947 332 1968 “
351 1941 521 1990 Militia
544 1951 615 1988 est
636 1940 813 2003 potior:
838 1940 950 2014 quid
975 1940 1101 1986 enim
1117 1941 1136 1986 'l
1173 1942 1494 1999 concurritur,
1531 1942 1657 1990 horae

302 2007 546 2055 Momento
569 2007 664 2054 cita
689 2023 810 2053 mors
835 2007 976 2065 venit,
1001 2016 1082 2052 aut
1105 2002 1298 2053 victoria
1320 2007 1471 2054 laetass'

302 2074 575 2137 Agricolam
600 2072 793 2119 laudat
778 2072 895 2134 juris
920 2073 1170 2134 legumque
1189 2074 1381 2135 peritus,

302 2142 404 2188 Sub
426 2140 751 2203 gallicantum
775 2139 1014 2193 consultor
1038 2139 1117 2185 ubi
1141 2139 1260 2186 ostia
1283 2140 1447 2202 pulsat.
1753 2143 1812 2190 10

303 2207 404 2266 Ille,
429 2206 550 2254 datis
573 2206 767 2252 vadibus
790 2205 868 2266 qui
894 2221 999 2251 rure
1024 2214 1260 2252 extractus
1284 2207 1333 2253 in
1358 2207 1519 2254 urbem
1544 2216 1631 2267 est,

303 2273 437 2320 Solos
463 2272 622 2319 felices
646 2271 853 2318 viventes
877 2271 1049 2317 clamat
1073 2271 1121 2325 in
1143 2272 1270 2318 urbe.

302 2339 486 2385 Caetera
508 2338 566 2383 de
590 2352 763 2399 genere
789 2337 894 2395 hoc,
919 2336 1037 2383 adeo
1063 2347 1172 2384 sunt
1197 2338 1358 2397 multa,
1385 2334 1629 2399 loquacem

302 2403 550 2450 Delassare
575 2403 729 2449 valent
754 2401 967 2449 Fabium.
1022 2401 1100 2448 Ne
1125 2412 1170 2451 te
1196 2419 1361 2462 morer,
1387 2405 1497 2450 audi

299 2467 416 2520 Quo
442 2484 539 2515 rem
565 2468 811 2515 deducam.
866 2467 918 2514 Si
942 2468 1045 2529 quis
1069 2468 1238 2527 deus‚‘
1245 2468 1367 2515 En
1378 2471 1497 2531 ego,'
1503 2470 1677 2530 'dicat‚
1753 2473 1810 2519 15

302 2539 332 2560 “
354 2535 461 2581 Jam
488 2533 654 2580 faciam
679 2526 802 2595 quod
828 2520 992 2580 vultis:
1029 2533 1120 2580 eris
1142 2542 1209 2592 tu,
1234 2535 1311 2608 qui
1337 2533 1477 2582 modo
1503 2536 1653 2596 mileS,

302 2599 566 2647 Mercator.
602 2608 669 2658 tu,
695 2598 935 2647 consultus
959 2597 1116 2658 modo,
1144 2601 1372 2647 rusticus:
1410 2601 1522 2648 hinc
1547 2618 1643 2662 vos,

299 2666 399 2714 Vos
425 2667 552 2725 hinc,
577 2665 767 2712 mutatis
791 2665 1020 2712 discedite
1043 2638 1278 2727 paitibua.⁴
1325 2665 1438 2713 Eia!

298 2731 432 2782 Quid
459 2731 590 2778 statis
603 2732 653 2778 ‘l”
691 2729 870 2778 Nolint.
930 2731 1075 2792 Atqui
1101 2731 1214 2778 licet
1237 2748 1340 2779 esse
1366 2732 1526 2781 beatis,

299 2796 435 2847 Quid
459 2812 614 2844 causae
637 2806 708 2844 est
732 2794 898 2844 merito
923 2797 1035 2858 quin
1060 2794 1149 2843 illis
1172 2796 1358 2860 Jupiter
1381 2798 1542 2846 ambas
1742 2799 1810 2847 20.

301 2861 455 2909 Iratus
478 2863 654 2910 buccas
677 2862 823 2921 inflet,
849 2878 1000 2924 neque
1024 2878 1074 2909 se
1100 2862 1195 2910 sore
1218 2864 1413 2926 posthac

301 2926 427 2974 Tam
452 2927 637 2975 facilem
660 2929 788 2975 dicat
811 2929 927 2976 votis
951 2937 1002 2975 ut
1019 2929 1225 2990 praebeat
1249 2931 1445 2977 aurem?

365 2992 613 3052 Praeterea‚
637 3010 697 3041 ne
723 2994 808 3053 sic,
833 3004 884 3041 ut
905 2994 984 3055 qui
1003 2994 1246 3056 jocularia,
1271 2995 1429 3042 ridens

299 3055 603 3105 Percurram:
637 3075 900 3134 quanquam
926 3059 1155 3107 ridentem
1181 3060 1339 3107 dicere
1363 3076 1521 3108 verum

298 3122 435 3172 Quid
458 3125 613 3171 vetat'l
649 3135 700 3171 ut
721 3125 877 3186 pueris
900 3125 1011 3173 olim
1035 3126 1151 3174 dant
1172 3126 1380 3173 crustula
1400 3126 1559 3174 blandi
1738 3124 1804 3171 25

299 3187 546 3248 DoctoreS,
568 3188 800 3237 elementa
822 3189 967 3238 velint
989 3200 1041 3239 ut
1063 3192 1245 3238 discere
1268 3192 1444 3254 prima:

1779 1813 1813 1860 Οι
