1936 3450
0 2276 41 2358 aa»

564 245 1071 293 VSATIRARUM-LIB.
1101 246 1161 287 11.
1190 248 1229 288 5.

146 353 311 419 Persta
332 377 471 431 atque
493 367 689 428 obdura,
714 383 797 414 seu
820 367 963 414 rubra
985 365 1220 415 Canicula
1240 365 1389 414 findet

146 435 360 484 Infantes
382 443 574 494 statuas,
595 449 679 480 seu
702 433 865 497 pingui
889 441 1049 480 tentus
1069 449 1231 481 omaso

146 501 320 549 Furius
343 499 563 548 hibernas
589 499 711 547 canii
734 499 840 546 nive
864 507 1094 561 conspuet
1127 499 1289 562 Alpes,

135 571 178 593 ·“
193 566 369 617 Nonne
393 566 570 626 vides,’'
598 565 764 628 aliquis
788 565 949 612 cubito
971 574 1175 612 stantem
1198 561 1343 627 prope
1368 572 1569 626 tangens

145 631 352 696 Inquiet,
371 635 402 657 “
418 641 471 679 ut
492 632 698 695 patiens!
736 639 788 678 ut
812 631 978 678 amicis
1001 630 1162 693 aptus!
1200 638 1251 677 ut
1273 645 1382 677 acer
1402 630 1445 676 !''

145 699 311 747 Plures
334 698 579 746 annabunt
601 696 789 757 thunni,
812 705 859 743 et
876 697 1058 744 ¹cetaria
1081 704 1311 743 crescent.

148 766 201 813 Si
224 764 302 812 cui
325 773 549 828 praeterea
571 763 751 810 validus
774 760 898 810 male
923 762 1047 820 filius
1070 762 1119 809 in
1143 777 1193 809 re

146 831 379 879 Praeclara
403 830 614 877 sublatus
638 830 813 887 aletur3
849 844 911 876 ne
934 828 1236 876 manifestum

148 896 340 945 Caelibis
360 897 638 958 obsequium
662 896 811 942 nudet
832 904 896 955 te,
919 894 1088 942 leniter
1110 894 1160 941 in
1184 909 1315 956 spem

147 951 329 1026 Arrepe
351 962 603 1021 officiosus,
627 966 680 1009 ut
702 970 750 1008 et
771 961 976 1008 scribare
1000 960 1239 1007 secundus

147 1029 330 1089 HaereS,
354 1037 416 1089 et,
441 1029 479 1075 si
502 1029 607 1091 quis
630 1043 769 1074 casus
790 1042 990 1090 puerum
1013 1026 1162 1090 egerit
1183 1025 1330 1086 Orco,

147 1095 207 1143 In
231 1110 431 1142 vacuum
457 1094 643 1141 venias:
678 1091 868 1156 perraro
893 1094 996 1140 haec
1019 1093 1122 1139 alea
1145 1091 1275 1139 fallit.

145 1162 248 1213 Qui
266 1169 600 1208 testamentum
622 1160 775 1208 tradet
798 1158 883 1207 tibi
907 1175 1095 1222 cunque
1118 1158 1393 1222 legendum,

149 1227 377 1286 Abnuere
399 1236 448 1282 et
470 1225 653 1274 tabulas
677 1241 705 1273 a
726 1236 774 1273 te
798 1228 1038 1273 removere
1061 1232 1328 1278 memento:

150 1294 233 1341 Sic
254 1302 414 1341 tamen
439 1302 492 1341 ut
513 1292 637 1339 limis
656 1292 810 1355 rapias
833 1292 946 1353 quid
968 1291 1121 1355 prima
1144 1290 1354 1338 secundo

148 1360 274 1408 Cera
295 1359 405 1407 velit
426 1375 589 1416 versu3
626 1358 751 1406 solus
774 1358 996 1405 multisne
1021 1357 1247 1416 cohaeres,

147 1425 314 1474 Veloci
336 1441 557 1488 percurre
579 1424 731 1473 oculo.
801 1424 1082 1486 Plerumque
1106 1431 1323 1470 recoctus

151 1493 318 1539 Scriba
339 1508 399 1539 ex
420 1491 748 1554 Quinqueviro
771 1506 962 1538 corvum
985 1489 1180 1537 deludet
1201 1489 1428 1548 hiantem,

150 1558 464 1621 Captatorque
487 1557 618 1605 dabit
639 1558 761 1604 risus
783 1556 965 1604 Nasica
987 1556 1189 1603 Corano.

804 1679 1001 1707 ULYssns.

150 1753 284 1802 Num
309 1753 453 1802 furis?
477 1769 539 1801 an
560 1752 767 1816 prudens
789 1752 912 1799 ludis
934 1767 1010 1798 me
1033 1750 1235 1799 obscura
1258 1749 1508 1801 canendo?

799 1875 1017 1903 Tlnnsus.

151 1951 198 1999 O
221 1951 488 2011 Laeniade,
513 1949 739 2014 quidquid
763 1949 935 2008 dicam,
961 1956 1042 1996 aut
1063 1947 1167 2007 erit,
1192 1955 1273 1994 aut
1294 1962 1418 1995 non:

152 2017 377 2066 Divinare
400 2018 577 2066 etenim
601 2031 802 2079 magnus
824 2015 940 2062 mihi
964 2015 1108 2063 donat
1131 2013 1314 2077 Apollo.

804 2139 1000 2167 ULYssns.

149 2214 285 2267 Quid
307 2224 466 2263 tamen
488 2214 577 2262 ista
598 2213 709 2261 velit
729 2213 819 2261 sibi
843 2212 1016 2272 sabula,
1040 2211 1081 2259 si
1098 2211 1224 2271 licet,
1248 2211 1352 2259 ede.

792 2337 1009 2364 TIREslAs.

153 2409 391 2473 Tempore
414 2390 506 2473 quo
524 2409 710 2474 juvenis
734 2409 918 2457 Parthis
941 2409 1219 2468 horrenduS,
1243 2408 1303 2456 ab
1324 2408 1419 2456 alto

0 2501 8 2510 ι
95 2492 97 2494 ·
153 2474 423 2524 Demissum
446 2491 597 2539 genus
620 2476 794 2535 AEnea,
816 2475 982 2522 tellure
1006 2475 1215 2536 marique

155 2540 360 2605 Magnus
383 2542 486 2601 erit,
511 2542 614 2590 forti
638 2541 784 2588 nubet
806 2555 1002 2603 procera
1019 2540 1209 2587 Corano

154 2606 277 2655 Filia
298 2606 347 2654 N
351 2608 506 2667 asioae,
532 2607 781 2655 metuentis
805 2605 1000 2653 reddere
1021 2605 1222 2652 soldum.

155 2671 283 2720 Tum
307 2690 452 2736 gener
476 2674 565 2721 hoc
590 2673 758 2729 faciet3
794 2671 976 2719 tabulas
999 2686 1162 2719 socero
1184 2670 1330 2731 dabit,
1354 2678 1490 2734 atque

154 2737 219 2785 Ut
240 2738 364 2802 legat
384 2740 560 2787 orabit:
597 2736 796 2786 multum
822 2736 1000 2784 Nasica
1022 2745 1218 2799 negatas

156 2804 376 2866 Accipiet
397 2806 587 2853 tandem
612 2814 659 2852 et
682 2804 852 2852 tacitus
875 2803 1027 2866 leget3
1065 2801 1362 2865 invenietque

156 2867 239 2915 Nil
262 2870 349 2916 sibi
372 2870 594 2933 legatum,
618 2879 785 2935 praeter
802 2869 999 2932 plorare,
1024 2868 1226 2930 suisque.

157 2932 281 2980 Illud
304 2935 363 2981 ad
387 2936 488 2983 haec
507 2936 675 2998 jubeo:
712 2935 879 2982 mulier
899 2933 941 2980 si
966 2931 1082 2981 forte>
1107 2933 1267 2981 dolosa

158 2998 430 3048 Libertusve
453 3018 612 3049 senem
637 3002 834 3049 delirum
857 3007 1099 3062 temperet,
1123 2998 1214 3046 illis

158 3065 377 3113 Accedas
401 3068 579 3125 socius;
614 3066 793 3126 laudes,
817 3065 1021 3112 lauderis
1044 3074 1096 3113 ut
1118 3065 1302 3112 absens.

1635 247 1727 298 133

1661 431 1726 480 40

1659 1090 1726 1138 50

1660 2932 1722 2979 70

159 3127 241 3176 Me
264 3147 393 3190 sene,
416 3131 539 3194 quod
563 3132 734 3192 dicam,
758 3131 933 3178 factum
957 3140 1056 3178 est:
1091 3131 1231 3178 Anus
1253 3129 1464 3193 improba
1485 3126 1669 3176 Thebis

156 3194 232 3242 Ex
256 3203 549 3309 testamen&
559 3196 629 3243 sic
648 3205 721 3243 est
738 3197 892 3244 elata:
924 3196 1123 3244 cadaver
