1936 3450
617 241 959 282 SATIRARUM
987 241 1097 282 LIB.
1126 241 1186 282 11.
1215 244 1254 282 5.

171 363 358 413 Primus
379 371 427 417 et
449 363 660 410 invenior
682 362 814 426 piper
837 361 1014 421 album,
1038 365 1153 410 cum
1174 361 1270 409 sale
1294 360 1430 425 nigro

172 430 431 488 heretum,
453 429 583 491 puris
605 427 999 490 circumposuisse
1022 428 1207 476 catillis,

171 495 386 544 Immane
409 504 480 542 est
502 495 665 542 vitium
690 494 801 540 dare
824 493 970 548 millia
992 503 1126 541 terna
1149 493 1363 553 macello,

169 563 480 624 Angustoque
504 577 644 622 vagos
667 561 820 623 pisces
843 575 1010 622 urgere
1034 560 1204 610 catino.

170 626 350 690 Magna
372 637 527 674 movet
548 628 790 673 stomacho
804 625 1013 684 fastidia,
1037 642 1121 672 seu
1144 642 1260 688 puer
1283 625 1440 672 unctis

122 703 124 707 ’
169 693 415 741 Tractavit
437 693 635 740 calicem
658 693 891 750 manibu5‚
916 692 1027 738 dum
1052 692 1174 739 furta
1206 691 1390 754 ligurrit
1404 707 1416 748 3

170 760 280 807 Sive
303 760 456 822 gravis
479 759 622 806 veteri
646 756 838 807 craterae
861 758 1232 816 limusadhaesit.
1387 814 1391 815 ⁷

118 848 122 854 ·
169 826 356 874 Vilibus
378 826 428 872 in
452 826 622 900 scopis,
646 825 695 872 in
719 825 914 886 mappis,
939 825 988 871 in
1013 824 1170 883 scobe,
1195 833 1396 886 quantus
1476 878 1477 881 Ἴ

171 892 402 939 Consistit
424 892 670 953 sumptus?
704 891 949 953 neglectis,
976 889 1204 952 flagitium
1229 890 1412 952 ingens.

173 957 298 1004 Ten’
323 958 504 1019 lapides
526 957 678 1004 varios
700 957 932 1005 lutulenta
951 957 1118 1004 radere
1141 956 1315 1019 palma,

171 1023 234 1070 Et
257 1023 428 1086 Tyrias
451 1024 562 1070 dare
581 1023 763 1071 circum
787 1023 915 1070 illota
936 1022 1100 1070 toralia
1122 1031 1289 1082 vestes,

169 1089 384 1136 Oblitum
407 1087 581 1152 quanto
606 1105 769 1136 curam
793 1097 1123 1151 sumptumque
1146 1088 1376 1141 minorem

171 1155 292 1202 Haec
317 1156 535 1214 habeant,
559 1152 690 1202 tanto
714 1154 935 1217 reprendi
953 1152 1128 1217 justius
1152 1154 1243 1202 illis

167 1221 295 1272 Quae
317 1222 411 1269 nisi
435 1221 654 1269 divitibus
677 1229 913 1283 nequeant
935 1219 1447 1283 contingere‘mensis‘!

803 1361 1042 1389 nonanus.

170 1435 322 1483 Docte
347 1435 471 1495 Cati,
493 1451 575 1499 per
599 1434 853 1483 amicitiam
877 1435 1099 1496 divosque
1121 1443 1328 1499 rogatus,

170 1501 359 1549 Ducere
381 1517 457 1548 me
481 1501 708 1560 auditum,
732 1517 900 1563 perges
922 1499 1223 1563 quocunque,
1249 1508 1499 1557 memento.

170 1567 315 1627 Nam,
338 1568 548 1629 quamvis
570 1567 745 1614 referas
769 1567 964 1614 memori
989 1567 1103 1614 mihi
1126 1577 1316 1630 pectore
1340 1577 1529 1627 cuncta,

171 1633 284 1681 Non
307 1643 466 1680 tamen
490 1634 718 1695 interpres
741 1634 1020 1680 tantundem
1039 1634 1240 1695 juveris:
1279 1634 1400 1681 adde

170 1700 369 1747 Vultum
404 1699 704 1760 habitumque
729 1699 957 1755 hominis3
994 1715 1133 1760 quem
1157 1709 1207 1746 tu
1231 1700 1402 1748 vidisse
1426 1700 1590 1749 beatus
1623 1722 1635 1737 ·

171 1765 283 1813 Non
307 1766 465 1828 magni
483 1765 665 1827 pendia
689 1765 798 1826 quia
820 1765 1039 1828 contigit:
1077 1774 1123 1812 at
1146 1765 1261 1812 mihi
1285 1781 1400 1814 cura

171 1831 284 1878 Non
308 1831 557 1878 mediocris
580 1831 718 1890 inest,
743 1831 894 1878 fontes
927 1840 979 1877 ut
997 1831 1124 1878 adire
1146 1840 1349 1879 remotos

170 1896 328 1960 Atque
351 1898 537 1945 haurire
559 1912 728 1959 queam
752 1897 858 1944 vitae
880 1906 1117 1961 praecepta
1139 1898 1301 1946 beatae.

757 2226 1019 2275 SATIRA
1044 2227 1104 2277 V.

823 2383 1018 2411 ULYSSES.

170 2473 278 2522 Hoc
300 2488 496 2536 quoque,
523 2470 726 2531 Tiresia,
750 2480 917 2535 praeter
940 2481 1141 2533 narrata,
1165 2473 1344 2536 petenti

168 2539 441 2602 Responde,
465 2538 633 2600 quibus
656 2538 850 2586 amissas
871 2553 1085 2600 reparare
1109 2553 1276 2600 queam
1300 2555 1374 2588 res

167 2606 365 2653 Artibus
388 2614 524 2666 atque
548 2603 711 2651 modis.
778 2602 914 2654 Quid
938 2603 1096 2656 rides?

803 2723 1029 2771 aramus.

1179 2813 1211 2862 J
1214 2832 1353 2865 amne
1377 2817 1536 2867 doloso

166 2880 283 2994 {pn
301 2879 504 2994 sati'saeest
525 2880 738 2930 Ithacam
762 2881 936 2940 revehi,
959 2882 1223 2944 patriosque
1246 2882 1449 2932 Penates
1472 2913 1473 2916 =

239 2962 396 3009 picere

818 3048 1018 3099 vulsus-¹

490 3140 536 3188 O
558 3141 673 3189 nulli
696 3143 946 3205 quidquam
975 3144 1187 3203 mentite,
1210 3144 1340 3191 vides
1363 3154 1415 3191 ut

168 3205 340 3254 Nudus
364 3207 586 3269 inopsque
608 3208 800 3255 domum
821 3209 1027 3267 redeam,
1046 3218 1092 3255 te
1116 3218 1245 3266 vate3
1280 3226 1431 3271 neque
1456 3210 1552 3258 illic

1655 244 1746 295 131

1685 430 1749 477 75
