1936 3450
179 250 272 300 162
715 248 766 296 Q.
797 247 1037 289 HORATII
1065 246 1270 289 FLACCI

237 368 475 428 Pomisne,
500 384 560 415 an
583 370 742 432 pratiS,
766 374 825 416 an
851 368 1023 416 amicta
1045 368 1214 416 vitibus
1237 367 1363 414 ulmo
1377 382 1399 426 'r
1456 407 1457 410 ,

239 436 480 482 Scribetur
504 435 588 482 tibi
614 436 760 482 forma
778 435 1029 496 loquaciter
1052 444 1099 481 et
1123 434 1239 480 situs
1263 433 1375 496 agri.

194 554 199 560 ,
304 500 530 548 Continui
555 511 752 560 monteS‚
778 501 869 547 nisi
893 500 1203 547 dissocientur
1226 498 1375 561 opaca
1776 497 1812 546 5

239 566 377 614 Valle
397 583 408 623 3
446 568 528 613 sed
553 576 605 613 ut
627 567 820 613 veniens
844 567 1064 613 dextrum
1087 566 1209 612 latus
1233 564 1427 627 aspiciat
1450 563 1535 624 sol,

240 630 435 679 Laevum
459 633 696 679 decedens
720 648 861 679 curru
887 632 1095 694 fugiente
1119 639 1320 693 vaporet.

240 697 545 760 Temperiem
569 698 747 744 laudes
815 698 968 756 Quid,
993 698 1031 743 si
1056 697 1322 743 rubicunda
1344 691 1549 756 benign&

240 759 400 810 corna
423 780 585 826 vepres
608 774 654 810 et
679 780 829 825 pruna
852 764 1007 810 ferunt
1026 764 1044 809 ’ἱ
1081 763 1120 809 si
1143 777 1344 823 quercus
1367 770 1415 808 et
1437 760 1550 807 ilexv

239 828 394 876 Multa
415 830 545 891 fruge
569 845 729 891 pecuS‚
754 829 900 875 multa
925 829 1167 875 dominum
1187 827 1316 889 juvat
1340 826 1543 872 umbra?
1751 824 1811 875 10

239 894 386 941 Dicas
411 896 665 941 adductum
688 893 878 957 propius
904 895 1117 941 frondere
1142 892 1419 939 Tarentum.

231 958 368 1007 ‘Fons
391 961 549 1019 etiam,
574 962 671 1008 rivo
694 962 805 1007 dare
830 977 1002 1007 nomen
1027 960 1242 1018 idoneuS,
1265 967 1317 1005 ut
1340 973 1436 1004 nec.

240 1026 474 1088 Frigidior
499 1027 739 1073 Thracam
766 1043 856 1072 nec
879 1026 1036 1088 purior
1061 1025 1236 1071 ambiat
1259 1024 1466 1083 Hebrus,

240 1091 434 1139 Infirmo
459 1093 601 1154 capiti
626 1092 728 1138 fluit
752 1093 894 1151 utilis,
921 1091 1047 1138 utilis
1071 1091 1188 1137 alvo.

239 1157 331 1204 Hae
356 1158 545 1205 latebrae
569 1159 749 1218 dulces,
774 1167 821 1204 et
840 1158 954 1220 jam,
980 1157 1019 1203 si
1044 1156 1214 1215 credis,
1238 1170 1451 1214 amoenae,
1750 1154 1809 1201 15

239 1221 533 1271 Incolumem
567 1225 653 1271 tibi
676 1240 753 1270 me
777 1232 999 1286 praestant
1023 1222 1364 1284 septembribus
1387 1221 1526 1268 horis.
1784 1225 1787 1233 '

304 1289 385 1335 Tu
410 1289 538 1337 recte
563 1291 692 1349 vivis,
717 1290 756 1336 si
781 1305 919 1336 curas
942 1305 1045 1335 esse
1068 1288 1192 1349 quod
1217 1287 1379 1333 audis:

238 1354 483 1402 Jactamus
503 1357 782 1418 jampridem
806 1355 959 1403 omnis
981 1365 1028 1401 te
1052 1354 1211 1401 Roma
1234 1354 1438 1399 beatum.

240 1422 336 1468 Sed
362 1438 521 1478 vereor
546 1438 607 1468 ne
632 1423 710 1468 cui
735 1423 793 1467 de
814 1430 863 1468 te
886 1419 993 1483 plus
1016 1418 1155 1482 quam
1180 1419 1264 1466 tibi
1288 1419 1454 1465 credas
1468 1434 1482 1476 ;

238 1486 373 1534 Neve
396 1497 531 1549 putes
557 1488 700 1534 alium
726 1487 936 1549 sapiente
962 1487 1174 1548 bonoque
1200 1485 1416 1542 beatum3
1743 1483 1809 1531 20

237 1552 366 1612 Neu,
390 1554 428 1600 si
448 1563 493 1600 te
516 1554 714 1616 populus
739 1569 905 1599 sanum
928 1549 1150 1614 recteque
1174 1551 1406 1598 valentem
1566 1558 1570 1561 ”

238 1617 452 1679 Dictitet,
478 1621 711 1666 occultam
738 1619 914 1670 febrem
940 1618 1027 1664 sub
1050 1627 1234 1680 tempus
1257 1616 1431 1663 edendi

236 1683 533 1744 Dissimules,
559 1687 710 1733 donec
733 1685 950 1731 manibus
972 1693 1143 1730 tremor
1167 1683 1343 1729 incidat
1363 1681 1534 1728 unctis'.
1614 1708 1619 1711 -

239 1752 496 1799 Stultorum
523 1753 735 1798 incurata
757 1752 906 1813 pudor
930 1750 1081 1796 malus
1105 1749 1266 1796 ulcera
1290 1747 1427 1796 celat.
1508 1799 1510 1803 7

240 1818 293 1863 Si
318 1818 421 1879 quis
445 1818 567 1864 bella
591 1819 675 1864 tibi
699 1818 823 1864 terra
847 1825 1053 1878 pugnata
1076 1815 1285 1876 marique
1558 1816 1563 1818 ’
1741 1812 1809 1862 25

239 1882 397 1942 Dicat,
422 1893 468 1930 et
492 1884 564 1930 his
587 1884 741 1930 verbis
760 1898 930 1929 vacuas
956 1881 1243 1944 permulceat
1266 1895 1418 1938 aures,

240 1953 270 1974 “
286 1949 423 1996 Tene
448 1948 602 2012 magis
624 1950 801 1996 salvum
824 1948 1023 2011 populus
1046 1947 1170 2006 velit,
1196 1963 1255 1992 an
1279 1945 1502 2008 populum
1524 1952 1593 2003 tu,

240 2017 405 2062 Servet
428 2016 476 2062 in
502 2016 736 2078 ambiguo,
761 2015 841 2076 qui
864 2013 1067 2070 consulit
1089 2022 1136 2059 et
1157 2012 1241 2059 tibi
1264 2021 1312 2058 et
1335 2010 1455 2070 urbi,

239 2080 424 2143 Jupiter
441 2081 483 2138 ;''
511 2082 716 2143 Augusti
737 2081 906 2127 laudes
929 2094 1186 2141 agnoscere
1209 2077 1370 2139 possis.
1650 2129 1652 2131 ¹

237 2147 406 2197 Quum
430 2146 602 2208 pateris
625 2147 811 2208 sapiens
834 2145 1204 2204 emendatusque
1227 2141 1399 2200 vocari,
1742 2141 1809 2189 30

240 2212 585 2274 Respondesne
608 2221 705 2271 tuo,
730 2212 808 2257 dic
831 2211 982 2268 sodes,
1007 2210 1197 2256 nomine
1215 2207 1488 2269 ff—Nempe

239 2277 326 2326 Vir
353 2280 499 2325 bonus
523 2287 570 2325 et
591 2279 797 2340 prudens
821 2276 916 2322 dici
940 2273 1348 2335 delector.—Ego,
1374 2289 1430 2320 ac
1452 2281 1518 2319 tu.

238 2345 341 2394 Qui
365 2344 496 2390 dedit
520 2345 610 2391 hoc
635 2343 788 2402 hodie,
814 2358 935 2400 cras,
959 2341 997 2387 si
1022 2341 1158 2399 volet,
1183 2340 1392 2397 auferet;
1429 2347 1496 2398 ut,
1519 2337 1560 2385 si

241 2410 475 2457 Detulerit
499 2410 648 2457 fasces
673 2409 883 2470 indigno,
908 2408 1120 2453 detrahet
1143 2407 1283 2453 idem.

242 2481 270 2500 “
290 2476 436 2534 Pone,
460 2491 616 2522 meum
642 2476 757 2533 est,''
785 2473 946 2535 inquit.
1016 2472 1165 2531 Pono,
1189 2471 1423 2532 tristisque
1445 2469 1628 2517 recedo.
1739 2469 1806 2517 35

242 2541 378 2588 Idem
403 2541 441 2587 si
466 2541 636 2587 clamet
660 2541 827 2598 furem,
850 2547 992 2600 neget
1014 2554 1116 2585 esse
1139 2538 1382 2600 pudicum,

240 2607 510 2653 Contendat
532 2607 698 2668 laqueo
721 2605 893 2652 collum
916 2604 1138 2666 pressisse
1162 2612 1435 2664 paternum3

242 2671 462 2718 Mordeat
485 2671 744 2734 opprobriis
769 2670 909 2733 salsis,
934 2679 1165 2715 mutemve
1190 2667 1427 2715 colorem?

241 2737 409 2784 Falsus
433 2739 578 2784 honor
597 2738 727 2799 juvat.
749 2746 797 2783 et
819 2735 1021 2782 mendax
1044 2733 1236 2781 infamia
1259 2740 1400 2780 terret

239 2802 418 2859 Quem,
453 2803 545 2849 nisi
591 2803 867 2849 mendosum
901 2809 948 2847 et
994 2798 1365 2846 medicandum?
1430 2796 1517 2844 Vir
1549 2795 1700 2844 bonus
1732 2804 1804 2844 est

307 2867 410 2929 quis
428 2868 447 2913 'l
1014 2875 1020 2884 '
1737 2862 1805 2910 4⁰

156 2929 161 2935 ’
240 2933 343 2983 Qui
368 2932 579 2979 consulta
600 2941 799 2994 patrum,
818 2931 897 2994 qui
919 2931 1048 2993 leges
1066 2929 1262 2992 juraque
1286 2936 1467 2987 servat;

240 2998 355 3048 Quo
378 2998 535 3044 multae
559 3013 831 3059 magnaeque
855 3006 1071 3043 secantur
1089 2994 1249 3056 judice
1273 2994 1403 3051 lites;

241 3063 357 3114 Quo
381 3079 455 3110 res
478 3078 697 3126 sponsore
712 3074 767 3108 et
790 3077 881 3122 quo
904 3075 1058 3107 causte
1081 3069 1199 3106 teste
1223 3068 1455 3107 tenentur.

244 3129 339 3175 Sed
365 3130 491 3175 videt
514 3130 639 3175 hunc
662 3127 814 3174 omnis
834 3127 1004 3178 ,domus
1027 3135 1074 3172 et
1096 3125 1267 3171 vicinia
1290 3134 1385 3172 tota

243 3194 501 3242 Introrsum
524 3203 721 3256 turpem,
746 3192 1008 3260 speciosum
1031 3191 1151 3253 pelle
1175 3191 1360 3238 decora.
1738 3187 1803 3236 45
