1936 3450
732 286 840 327 Ans
869 286 1123 328 POETICA.
1519 309 1524 318 -
1652 290 1746 343 189

169 405 349 466 Credit,
373 414 420 454 et
442 405 650 454 excludit
673 423 811 454 sanos
835 401 1068 454 Helicone
1090 410 1270 470 poetas,
1313 430 1317 436 ·

168 471 482 532 DemocrituS,
507 471 630 528 bona
652 489 759 535 pars
782 489 876 520 non
901 488 1083 535 ungues
1106 481 1279 536 ponere
1302 486 1474 537 curat,.

169 537 280 586 Non
306 539 512 598 barbam,
536 549 719 586 secreta
741 540 856 602 petit
877 539 997 597 loca,
1023 539 1185 597 balnea
1212 541 1338 588 vitat.

169 603 218 651 N
222 604 487 651 anciscetur
510 607 638 651 enim
661 606 863 667 pretium
887 620 1151 667 nomenque
1174 610 1344 669 poetae,

169 670 223 717 Si
246 671 395 717 tribus
419 671 660 732 Anticyris
684 679 824 733 caput
848 670 1107 717 insanabile
1131 688 1375 734 nunquam
1648 674 1747 724 300

168 735 373 783 Tonsori
392 736 562 782 Licino
585 737 882 783 commiserit.
951 735 998 782 Ο
1022 753 1110 799 ego
1132 738 1292 796 laevus,

166 801 270 852 Qui
293 818 463 864 purgor
487 801 628 849 bilem
653 803 741 848 sub
763 801 893 849 verni
918 803 1139 864 temporis
1163 804 1351 852 horam!

168 867 281 915 Non
305 867 423 914 alius
447 868 620 915 faceret
645 869 837 915 meliora
857 872 1102 930 poemata:
1138 866 1301 917 verum

169 933 252 980 Nil
275 934 394 981 tanti
417 943 500 981 est.
571 934 697 996 Ergo
722 935 887 996 fungar
912 935 1014 980 vice
1039 935 1171 994 cotiS,
1197 945 1399 988 acutum,

169 999 392 1047 Reddere
415 1015 518 1062 quae
544 1000 715 1046 ferram
740 1001 875 1058 valet,
900 1005 1059 1047 exsors
1083 1001 1181 1063 ipsa
1201 1001 1419 1049 secandi:
1648 999 1747 1052 305

170 1064 349 1112 Munus
371 1076 417 1113 et
432 1065 663 1125 officium,
689 1066 753 1112 nil
780 1066 991 1112 scribens
1015 1066 1128 1128 ipse,
1148 1067 1327 1115 docebo
1337 1084 1353 1124 ,3

169 1130 308 1178 Unde
331 1141 550 1194 parentur
573 1148 712 1193 opes;
749 1132 860 1194 quid
886 1132 978 1178 alat
1004 1132 1259 1194 formetque
1277 1136 1493 1196 poetam3

167 1197 302 1248 Quid
322 1199 503 1256 deceat,
527 1199 638 1259 quid
663 1214 786 1254 non3
822 1196 914 1259 quo
936 1199 1095 1256 virtuS,
1119 1197 1211 1260 quo
1241 1199 1358 1247 ferat
1377 1203 1527 1248 error:

236 1265 483 1311 Scribendi
509 1261 637 1311 recte
665 1279 826 1326 sapere
850 1272 920 1310 est
943 1273 990 1310 et
1012 1265 1293 1327 principium
1317 1275 1365 1312 et
1387 1265 1503 1314 fons.

169 1328 301 1376 Rem
319 1331 403 1377 tibi
428 1330 682 1377 Socraticae
705 1338 924 1391 poterunt
946 1331 1193 1377 ostendere
1218 1332 1417 1379 chartae:
1648 1333 1745 1382 310

169 1395 418 1458 Verbaque
440 1397 670 1458 provisam
693 1412 791 1442 rem
816 1411 910 1442 non
935 1396 1079 1442 invita
1098 1407 1365 1458 sequentur.

166 1460 269 1511 Qui
294 1462 458 1509 didicit
479 1463 639 1524 patriae
665 1461 778 1524 quid
803 1462 987 1520 debeat,
1012 1471 1059 1508 et
1081 1463 1192 1524 quid
1216 1463 1398 1523 amicis,

167 1527 284 1577 Quo
301 1528 361 1575 sit
384 1544 541 1575 amore
565 1545 748 1590 parens,
772 1543 864 1589 quo
888 1529 1026 1574 frater
1050 1530 1294 1588 amandus,
1318 1539 1365 1576 et
1387 1531 1572 1595 hospeS,

165 1592 314 1643 Quod
339 1594 398 1640 sit
422 1594 689 1656 conscripti,
713 1594 834 1655 quod
854 1593 1027 1655 judicis
1048 1595 1270 1653 officium,
1294 1611 1398 1658 quae

169 1657 333 1706 Partes
356 1661 404 1706 in
429 1661 600 1706 bellum
626 1660 754 1706 missi
779 1661 941 1715 ducis;
978 1660 1055 1705 ille
1079 1659 1289 1722 profecto
1650 1662 1747 1712 315

170 1723 394 1773 Reddere
417 1742 627 1787 personae
652 1726 740 1772 scit
764 1726 1093 1772 convenientia
1116 1726 1299 1788 cuique.

171 1790 432 1853 Respicere
456 1792 691 1854 exemplar
716 1791 827 1838 vitae
844 1807 1118 1853 morumque
1136 1792 1312 1854 jubebo

170 1856 374 1904 Doctum
395 1858 689 1916 imitatorem,
713 1866 760 1904 et
785 1873 913 1904 veras
938 1858 1048 1904 hinc
1072 1858 1245 1905 ducere
1270 1874 1420 1906 voces.

171 1922 415 1969 Interdum
435 1924 645 1986 speciosa
668 1923 789 1970 locis'
805 1937 1072 1985 morataque
1091 1922 1220 1970 recte

151 1988 368 2048 Fabula,
394 1990 567 2036 nullius
591 1990 789 2048 veneris,
812 1990 914 2036 sine
938 1989 1144 2051 pondere
1169 1998 1216 2036 et
1238 1999 1353 2050 arte,
1649 1991 1744 2040 320

170 2053 368 2102 Valdius
392 2056 594 2102 oblectat
616 2055 837 2118 populum
865 2054 1122 2117 meliusque
1143 2065 1362 2116 moratur,

168 2119 332 2170 Quam
359 2137 515 2168 versus
539 2123 701 2184 inopes
726 2137 896 2179 rerum,
921 2137 1150 2183 nugaeque
1175 2137 1373 2169 canorae.

244 2187 398 2234 Graiis
423 2188 681 2250 ingenium,
701 2187 855 2234 Graiis
879 2188 1009 2234 dedit
1030 2203 1110 2234 ore
1136 2188 1334 2235 rotundo

171 2254 311 2301 Musa
330 2254 469 2315 loqui,
493 2264 657 2316 praeter
681 2254 867 2300 laudem
887 2254 1061 2301 nullius
1084 2254 1258 2300 avaris:

171 2320 378 2367 Romani
398 2321 527 2381 pueri
551 2320 703 2381 longis
727 2319 984 2366 rationibus
1008 2335 1158 2365 assem
1647 2321 1744 2369 325

172 2385 375 2434 Discunt
398 2386 445 2438 in
472 2395 625 2447 partes
651 2394 841 2431 centum
869 2386 1106 2431 diducere.
1177 2388 1207 2409 ‘¹
1234 2384 1376 2432 Dicat

170 2450 322 2498 Filius
347 2451 525 2509 Albini,
550 2450 588 2496 si
613 2451 671 2496 de
694 2451 960 2511 quincunce
984 2459 1162 2497 remota
1186 2459 1256 2496 est

170 2516 339 2575 Uncia,
363 2517 472 2578 quid
498 2526 683 2578 superat
696 2517 746 2562 'l''
807 2521 836 2540 “
864 2515 1054 2562 Poteras
1077 2516 1267 2574 dixisse,
1291 2515 1511 2563 TrienS.’'
1573 2520 1612 2543 “‘
1624 2516 1726 2565 Eut

172 2582 297 2630 Rem
322 2583 491 2645 poteris
514 2598 696 2629 servare
720 2589 862 2628 tuam.
932 2580 1079 2627 Redit
1103 2581 1394 2643 uncia,'quid
1419 2581 1469 2629 fit
1482 2582 1532 2630 'P’

172 2651 203 2673 “
230 2649 426 2695 Semis.''
498 2648 594 2706 An,
620 2648 722 2693 haec
741 2647 921 2693 animos
941 2662 1099 2708 aerugo
1122 2656 1169 2694 et
1192 2661 1305 2692 cura
1327 2647 1484 2709 peculi
1647 2648 1745 2697 330

170 2712 336 2763 Quum
361 2714 502 2760 semel
528 2713 761 2770 imbuerit,
787 2728 1026 2775 speramus
1050 2712 1260 2759 carmina
1285 2712 1398 2775 fingi

174 2776 315 2825 Posse
340 2778 528 2826 linenda
547 2779 703 2837 cedro,
727 2788 774 2825 et
797 2778 882 2825 levi
904 2779 1132 2825 servanda
1155 2779 1409 2840 cupresso?

241 2843 340 2889 Aut
361 2846 577 2906 prodesse
600 2845 773 2904 volunt,
799 2853 878 2891 aut
901 2843 1150 2904 delectare,
1174 2848 1342 2908 poetae,

178 2907 278 2954 Aut
300 2907 436 2956 simul
462 2919 510 2956 et
526 2909 739 2971 jucunda
756 2919 804 2957 et
827 2910 997 2956 idonea
1021 2909 1180 2957 dicere
1204 2911 1320 2958 vitm.

173 2972 417 3035 Quidquid
443 2975 696 3037 praecipies,
720 2986 819 3022 esto
843 2974 1020 3030 brevis3
1058 2985 1106 3022 ut
1130 2973 1225 3023 cito
1249 2976 1377 3024 dicta
1648 2975 1745 3023 335

176 3037 442 3100 Percipiant
465 3040 606 3086 animi
630 3038 806 3088 dociles
829 3049 1110 3103 teneantque
1135 3041 1322 3089 fideles:

175 3101 334 3150 Omne
358 3120 694 3166 supervacuum
718 3107 855 3169 pleno
879 3107 937 3152 de
961 3117 1148 3168 pectore
1172 3116 1343 3156 manat.

179 3166 317 3216 Ficta
340 3169 582 3233 voluptatis
604 3174 750 3218 causa
774 3173 868 3219 sint
890 3173 1100 3235 proxima
1123 3173 1266 3220 veris:
