1936 3450
782 0 912 202 N

211 267 304 315 186
753 268 803 314 Q.
833 223 1073 335 ΗοὲὶᾼΤΠ
1101 270 1306 311 FLACCI

270 385 468 433 Utilium
491 385 651 432 tardus
672 386 894 448 provisor,
918 379 1139 451 prodigus
1163 390 1283 449 aeris,

273 452 515 510 Sublimis,
541 452 831 514 cupidusque
855 463 902 500 et
925 458 1078 515 amata
1100 455 1362 517 relinquere
1384 459 1563 520 pernix.
1695 502 1697 506 ,
1745 460 1839 510 165
1926 438 1936 494 i

273 517 527 564 Conversis
550 518 732 577 studiis,
758 529 870 565 aetas
894 520 1169 582 animusque
1193 522 1338 568 virilis
1926 532 1936 582 ζ

268 583 456 633 Quaerit
477 600 589 645 opes
613 593 659 630 et
683 585 928 645 amicitias,
953 581 1143 636 inservit
1166 587 1348 648 honori,
1647 591 1652 595 ’

271 649 577 696 Commisisse
602 659 735 696 cavet
758 652 881 712 quod
906 668 1014 698 mox
1038 659 1217 700 mutare
1242 653 1431 701 laboret.

269 713 424 762 Multa
447 731 608 762 senem
634 716 1011 764 circumveniunt
1035 718 1333 766 incommoda
1348 736 1375 778 3r
1397 717 1468 767 v'el
1491 719 1620 783 quod

267 780 470 840 Quaerit,
495 790 542 827 et
565 781 766 828 inventis
790 783 935 829 miser.
956 784 1159 847 abstinet
1182 798 1239 829 ac
1260 785 1394 832 timet
1417 786 1484 833 uti
1500 784 1535 844 ς’
1622 825 1635 830 t
1743 790 1837 837 170

267 846 355 893 Vel
381 846 507 908 quod
530 852 791 894 resomnes
814 846 978 895 timide
1003 847 1252 911 gelideque
1277 851 1523 914 ministrat,
1592 906 1599 909 μ

268 912 465 972 Dilator‚
491 930 572 975 spe
596 914 781 976 longus,
807 914 949 974 iners,
977 916 1231 976 avidusque
1256 915 1414 977 futuri,

267 978 501 1038 Difficilis,
521 979 759 1041 queruluS,
783 980 995 1027 laudator
1021 981 1240 1044 temporis
1264 983 1358 1029 acti

269 1045 332 1090 Se
356 1061 519 1106 puero,
547 1061 712 1092 censor
737 1047 1078 1108 castigatorque
1103 1047 1363 1107 minorum.-

267 1109 421 1161 Multa
446 1112 601 1158 ferunt
624 1112 735 1158 anni
758 1113 1001 1159 venientes
1025 1112 1272 1159 commoda
1293 1111 1484 1174 'secum;
1742 1118 1836 1166 175

267 1175 421 1224 Multa
446 1178 721 1224 recedentes
745 1178 972 1225 adimunt.
1041 1178 1117 1225 Ne
1143 1177 1259 1225 sorte
1285 1180 1469 1227 seniles·

267 1241 556 1290 Mandentur
575 1243 736 1305 juveni
760 1253 929 1305 partes,
954 1260 1189 1306 pueroque
1214 1245 1384 1304 viriles,

267 1310 462 1372 Semper
486 1311 533 1356 in
559 1310 791 1371 adjunctis
816 1326 1003 1372 aevoque
1028 1311 1311 1357 morabimur
1335 1311 1469 1374 aptis,

333 1377 433 1422 Aut
457 1376 607 1438 agitur
625 1373 705 1421 ‘res
729 1376 778 1422 in
803 1377 974 1434 scenis,
1000 1385 1079 1423 aut
1098 1382 1207 1423 'acta
1230 1377 1454 1435 refertur:
1930 1366 1936 1429 l

269 1439 474 1504 Segnius
498 1441 680 1488 irritant
704 1442 883 1488 animos
908 1443 1111 1489 demissa
1133 1457 1215 1504 per
1241 1459 1419 1503 aurem,
1487 1486 1489 1488 ,
1744 1446 1837 1494 180

265 1507 430 1565 Quam
454 1523 556 1569 quae
581 1516 689 1554 sunt
712 1508 862 1554 oculis
886 1508 1097 1570 subjecta
1120 1509 1352 1567 fidelibus,
1376 1519 1423 1556 et
1445 1525 1549 1572 quae

265 1573 374 1635 Ipse
399 1574 486 1620 sibi
510 1574 650 1620 tradit
673 1583 915 1636 spectaton
986 1573 1096 1621 Non
1123 1584 1279 1621 tamen
1306 1576 1431 1622 intus

266 1639 426 1702 Digna
449 1639 548 1702 geri
572 1656 757 1702 promes
781 1640 828 1686 in
854 1656 1073 1696 scenam;
1111 1641 1347 1702 multaque
1367 1641 1500 1688 tolles

266 1704 340 1752 Ex
365 1706 528 1765 oculis,
553 1721 656 1767 quae
680 1722 786 1752 mox
810 1715 968 1753 narret
993 1705 1211 1753 facundia
1233 1723 1467 1769 praesens:
1505 1708 1511 1713 ’

266 1771 343 1818 Ne
368 1789 535 1834 pueros
559 1788 714 1818 coram
740 1773 912 1835 populo
937 1771 1110 1819 Medea
1132 1772 1358 1830 trucidet3
1745 1772 1835 1823 185

269 1838 369 1884 Aut
394 1839 599 1884 humana
620 1836 775 1899 palam
801 1848 969 1900 coquat
993 1847 1099 1884 exta
1123 1839 1328 1885 nefarius
1352 1837 1553 1898 Atreu83
1591 1835 1609 1847 ‘

266 1904 367 1950 Aut
386 1904 433 1950 in
458 1920 589 1950 avem
615 1904 799 1966 Progne
825 1914 1043 1963 vertatur,
1070 1904 1279 1951 Cadmus
1304 1904 1352 1951 in
1379 1921 1596 1968 anguem,
1620 1940 1625 1943 »

264 1970 600 2032 Quodcunque
624 1970 833 2017 ostendis
858 1969 973 2017 mihi
998 1971 1082 2030 sic,
1108 1971 1379 2018 incredulus
1402 1972 1494 2018 odi.

331 2035 466 2082 Neve
490 2037 656 2094 minor,
682 2052 774 2082 neu
800 2037 858 2083 sit
881 2038 1044 2098 quinto
1067 2038 1334 2098 productior
1359 2046 1466 2085 actu

266 2101 462 2160 Fabula,
487 2118 590 2164 quae
614 2102 742 2164 posci
766 2103 926 2166 vultxet
950 2112 1157 2165 spectata
1181 2103 1341 2165 reponi
1361 2120 1369 2150 :
1745 2105 1838 2152 190

265 2167 373 2214 Nec
397 2169 514 2214 deus
540 2167 737 2227 intersit,
762 2167 852 2214 nisi
877 2168 1048 2231 dignus
1072 2169 1256 2215 vindice
1281 2169 1433 2216 nodus

265 2233 517 2280 Inciderit:
554 2248 644 2279 nec
667 2242 830 2295 quarta
852 2234 974 2296 loqui
1001 2251 1196 2296 persona
1220 2235 1411 2282 laboret.

331 2300 521 2346 Actoris
543 2303 703 2361 partes⁴
721 2300 892 2346 chorus
915 2300 1213 2362 officiumque
1239 2300 1368 2349 virile

265 2364 526 2422 Defendat3
563 2382 656 2412 neu
679 2365 789 2427 quid
817 2366 995 2413 medios
1016 2367 1266 2413 intercinat
1290 2376 1438 2427 actus,
1613 2413 1618 2418 ,

264 2431 411 2481 Quod
436 2448 531 2478 non
555 2432 788 2494 proposito
811 2433 1048 2479 conducat
1072 2442 1118 2480 et
1144 2434 1315 2479 haereat
1340 2430 1476 2496 apte:
1728 2429 1836 2482 “195

265 2496 352 2543 Ille
377 2498 510 2544 bonis
535 2498 790 2559 faveatque,
815 2507 861 2544 et
885 2499 1156 2545 consilietur
1181 2499 1344 2545 amicis
1358 2516 1370 2557 3

265 2562 328 2609 Et
351 2573 481 2625 regat
506 2563 661 2622 iratOS‚
687 2573 733 2610 et
757 2572 882 2610 amet
904 2573 1331 2626 pacare'tumentes
1351 2581 1362 2622 3

266 2627 352 2674 Ille
378 2629 520 2690 dapes
547 2629 704 2676 laudet
726 2645 901 2675 mensae
927 2630 1103 2686 brevis3
1141 2630 1217 2676 ille
1242 2631 1474 2677 salubrem

265 2693 294 2739 J
301 2694 522 2753 ustitiam,
546 2695 781 2757 legesque,
806 2704 853 2742 et
877 2697 1045 2757 apertis
1068 2696 1163 2742 otia
1185 2696 1327 2758 portis
1342 2712 1369 2754 ;‚¹

266 2757 354 2805 Ille
378 2768 504 2821 tegat
528 2761 792 2820 commissa,
817 2761 1021 2822 deosque
1045 2770 1263 2823 precetur
1282 2770 1328 2808 et
1349 2769 1466 2820 oret,
1736 2762 1834 2811 200

265 2823 329 2873 Ut
352 2825 511 2871 redeat
535 2827 732 2885 miseris,
760 2827 896 2873 abeat
921 2827 1105 2874 fortuna
1131 2827 1354 2888 superbis

331 2889 476 2936 Tibia
499 2906 609 2947 non,
635 2901 686 2937 ut
710 2908 854 2951 nunc,
878 2887 1115 2939 orichalco
1139 2893 1310 2951 vincta,
1334 2891 1551 2954 tubaeque

265 2953 473 3014 AEmula,
499 2958 580 3002 sed
604 2957 758 3002 tenuis
781 2958 1068 3019 simplexque
1091 2957 1315 3004 foramine
1338 2974 1506 3019 pauco,

265 3020 521 3082 Adspirare
545 3030 592 3067 et
616 3022 779 3068 adesse
804 3024 958 3069 choris
982 3032 1081 3069 erat
1105 3023 1246 3082 utilis,
1272 3033 1409 3085 atque

265 3085 490 3133 Nondum
516 3087 659 3149 spissa
686 3087 824 3134 nimis
850 3089 1083 3150 complere
1108 3089 1271 3135 sedilia
1295 3088 1467 3151 flatujj
1734 3087 1834 3138 205

264 3149 381 3201 Quo
406 3149 519 3198 sane
545 3152 743 3214 populus
766 3154 1082 3212 numerabilis,
1108 3163 1264 3216 utpote
1289 3171 1473 3216 parvus,

266 3215 329 3264 Et
352 3217 472 3281 frugi
497 3228 743 3280 castusque
766 3219 1149 3281 verecundusque
1174 3220 1343 3267 coibat.
