1936 3450
631 234 972 297 SATIRARUM
1002 252 1109 293 Lm.
1139 252 1173 291 1.
1203 253 1266 291 10.

193 376 319 428 Tam
340 378 527 440 nigrum
550 388 739 424 surrexe
763 374 904 422 mihi!
941 372 1058 434 fugit
1081 370 1333 433 improbuS,
1357 384 1414 430 ac
1437 385 1513 416 me

193 445 295 494 Sub
316 445 464 492 cultro
485 442 697 504 linquit.'’
755 441 883 489 Casu
905 438 1032 485 venit
1053 437 1214 484 obvius
1238 436 1309 483 illi‘

194 509 532 560 Adversarius:
568 517 630 568 et,
667 511 698 532 “
716 504 833 557 Quo
856 515 923 565 tu,
949 503 1216 566 turpissime
1234 503 1283 548 ‘l”
1321 500 1494 563 magna

192 576 439 624 Exclamat
459 590 572 622 voce
593 590 603 630 ;
640 583 702 632 et,
739 576 768 598 “
793 571 929 619 Licet
952 568 1235 617 antestari'P'
1273 567 1376 629 Ego
1398 564 1508 613 vero

193 641 396 706 Oppono
418 640 705 688 auriculam:
741 638 860 700 rapit
882 637 931 684 in
951 636 1054 699 jus:
1089 635 1263 680 clamor
1287 633 1503 694 utrinque
1519 667 1530 689 ‚

194 708 413 771 Undique
435 721 708 755 concursus,
763 705 846 751 Sic
872 718 948 749 me
972 700 1169 748 servavit
1190 699 1376 761 Apollo.

773 994 1050 1050 SATIRA‘
1070 998 1133 1046 X.

110 1117 120 1123 ·
198 1103 384 1153 ΝΕΜΡΕ
408 1101 717 1165 incomposito
739 1101 837 1148 dixi
858 1101 979 1163 pede
1003 1117 1191 1148 currere
1217 1115 1374 1148 versus

199 1168 370 1219 Lucili.
426 1169 553 1219 Quis
573 1178 671 1227 ‘tarn
695 1165 851 1213 Lucili
876 1167 1024 1219 fautor
1049 1165 1206 1230 inepte
1231 1175 1318 1226 est,

199 1236 264 1286 Ut
286 1251 381 1284 non
398 1235 488 1282 hoc
512 1234 742 1281 fateatur?
800 1234 867 1280 At
890 1234 1031 1293 idem,
1057 1231 1184 1295 quod
1208 1233 1305 1279 sale
1329 1230 1476 1277 multo
1539 1258 1543 1264 «

199 1302 376 1351 Urbem
400 1300 633 1359 defricuit,
657 1298 822 1346 charta
844 1299 1060 1346 laudatur
1083 1299 1264 1346 eadem.

1664 251 1752 300 111

1695 499 1759 546 75

191 1368 250 1430 N
254 1384 309 1416 ec
326 1376 484 1415 tamen
508 1367 599 1413 hoc
616 1366 826 1412 tribuens
844 1365 1053 1411 dederim
1077 1381 1258 1427 quoque
1283 1352 1479 1410 caetera':
1514 1376 1624 1426 narn
1640 1360 1716 1408 'sic
1737 1361 1769 1407 5

199 1434 263 1483 Et
286 1431 457 1481 Laberi
482 1433 666 1491 mimOS,
690 1440 742 1478 ut
759 1431 957 1493 pulchra
974 1430 1208 1493 poemata,
1233 1430 1386 1476 mirer.

201 1499 329 1563 Ergo
352 1515 447 1546 non
472 1496 585 1545 satis
607 1507 678 1544 est
702 1498 796 1544 risu
823 1497 1047 1543 diducere
1071 1498 1241 1544 rictum

202 1566 473 1614 Auditoris:
510 1574 556 1610 et
580 1572 650 1610 est
672 1563 885 1625 quaedam
908 1572 1066 1610 tamen
1091 1562 1170 1609 hic
1193 1558 1374 1624 quoque
1400 1561 1556 1607 virtus.

203 1631 290 1680 Est
312 1632 534 1678 brevitate
557 1645 690 1691 opus,
715 1639 766 1676 ut
791 1639 947 1675 currat
971 1629 1217 1685 sententia,
1242 1644 1336 1674 neu
1360 1643 1410 1673 se
1436 1644 1438 1648 ·

203 1697 437 1760 Impediat
459 1696 610 1742 verbis
633 1695 778 1741 lassas
800 1694 1105 1741 onerantibus
1129 1710 1279 1740 aureS.

203 1764 268 1812 Et
290 1778 502 1810 sermone
524 1776 641 1823 opus
663 1772 733 1807 est
756 1758 896 1806 modo
922 1758 1204 1822 tristi,‘saepe
1226 1761 1401 1819 jocoso,

207 1829 504 1878 Defendente
529 1827 678 1874 vicem
703 1824 842 1873 modo
867 1827 1063 1872 rhetoris
1087 1834 1223 1887 atque
1246 1828 1414 1887 poetae,

206 1895 453 1943 Interdum
476 1891 660 1952 urbani,
682 1892 918 1955 parcentis
941 1891 1130 1949 viribuS,
1156 1899 1294 1952 atque

206 1960 517 2008 Extenuantis
540 1975 621 2005 eas
642 1955 870 2005 consulto.
930 1957 1208 2004 Ridiculum
1233 1955 1329 2002 acri

207 2024 397 2074 Fortius
420 2034 466 2072 et
488 2024 657 2071 melius
679 2040 874 2086 magnas
895 2020 1169 2086 plerumque
1193 2030 1322 2069 secat
1346 2037 1434 2068 res.

126 2107 135 2110 ·
208 2092 303 2152 Illi,
327 2089 499 2153 scripta
523 2090 691 2152 quibus
715 2090 946 2137 comoedia
968 2090 1122 2152 prisca
1146 2088 1253 2139 viris
1276 2097 1363 2145 est,

207 2159 317 2208 Hoc
339 2158 538 2216 stabant,
563 2157 651 2203 hoc
671 2165 779 2203 sunt
802 2155 1039 2212 imitandi3
1075 2158 1189 2216 quos
1211 2169 1363 2215 neque
1386 2151 1580 2214 pulcher
1654 2163 1661 2169 “’

209 2224 534 2286 Hermogenes
557 2238 762 2284 unquam
786 2221 912 2283 legit,
937 2237 1088 2283 neque
1111 2220 1274 2266 simius
1294 2220 1398 2277 iste,

208 2289 291 2337 Nil
315 2298 479 2352 praeter
503 2288 700 2334 Calvum
723 2295 770 2334 et
793 2287 957 2334 doctus
981 2296 1170 2333 cantare
1195 2285 1517 2332 Catullum'-

211 2356 278 2402 At
302 2370 525 2416 magnum
550 2354 675 2412 fecit,
699 2350 825 2414 quod
851 2352 1001 2399 verbis
1025 2352 1192 2399 Graeca
1216 2351 1398 2397 Latinis

211 2418 535 2468 Miscuit—O
558 2419 647 2465 seri
667 2418 950 2464 studiorum!
988 2417 1131 2479 quine
1155 2416 1328 2479 putetis

211 2486 415 2534 Difficile
439 2495 485 2531 et
508 2485 694 2541 mirum,
719 2483 910 2530 Rhodio
932 2483 1055 2544 quod
1081 2482 1363 2529 Pitholeonti

213 2552 423 2614 Contigit
435 2551 588 2597 CP—-At
609 2565 762 2596 sermo
785 2549 947 2611 lingua
970 2548 1234 2594 concinnus
1258 2548 1453 2609 utraque

215 2618 427 2675 Suavior,
453 2625 502 2664 ut
525 2615 647 2663 Chio
670 2627 781 2662 nota
805 2614 843 2660 si
867 2615 1119 2661 commixta
1143 2612 1331 2659 Falerni
1355 2621 1439 2659 est.

212 2684 378 2734 Quum
403 2698 561 2728 versus
580 2681 740 2739 faciaS,
763 2690 809 2727 te
835 2680 985 2742 ipsum
1008 2687 1272 2742 percontor,
1292 2694 1351 2724 an
1371 2690 1418 2724 et
1441 2691 1585 2739 quum

214 2748 347 2795 Dura
369 2748 451 2795 tibi
475 2746 742 2810 peragenda
764 2746 829 2792 rei
855 2745 914 2792 sit
937 2746 1081 2791 causa
1106 2743 1278 2803 Petilli,

218 2814 412 2861 Scilicet
433 2813 605 2860 oblitus
626 2812 879 2875 patriaeque
904 2810 1137 2874 patrisque
1161 2809 1336 2867 Latini,

215 2879 382 2930 Quum
406 2878 579 2925 Pedius
602 2893 767 2925 causas
790 2876 986 2924 exsudet
1009 2875 1261 2938 Poplicola,
1286 2883 1423 2936 atque

218 2944 464 3002 Corvinus,
488 2944 645 3006 patriis
669 2942 988 2990 intermiscere
1021 2941 1166 3004 petita
1308 2933 1324 2957 χ

217 3009 378 3056 Verba
400 3008 508 3056 foris
531 3009 682 3068 malis,
701 3008 931 3055 Canusini
956 3023 1084 3054 more
1107 3006 1361 3068 bilinguis?

220 3073 367 3136 Atqui
400 3090 488 3136 ego
526 3088 667 3136 quum
690 3074 882 3121 Graecos
902 3073 1119 3131 facerem,
1143 3082 1280 3119 natus
1303 3085 1431 3117 mare
1454 3068 1587 3126 citra,

220 3138 508 3197 Versiculos,
532 3139 678 3186 vetuit
699 3154 774 3185 me
798 3138 879 3186 tali
902 3154 1017 3185 voce
1039 3138 1293 3196 Quirinus,

222 3204 333 3252 Post
352 3204 554 3251 mediam
576 3212 764 3251 noctem
787 3204 928 3263 visus,
947 3219 1091 3265 quum
1115 3202 1297 3250 somnia
1318 3215 1426 3247 vera
1445 3214 1455 3246 τ

1714 1689 1772 1736 10

1715 2019 1775 2065 15

1711 2347 1777 2394 20

1720 2999 1782 3045 80
