1976 3432
688 244 1051 301 „CARMINUM
1081 247 1189 287 LIB.'
1220 247 1277 288 11.

860 431 999 479 ODE
1034 432 1128 482 ΙΙΙ.

828 546 895 577 AD
918 547 1157 579 DELLIUM.

377 625 381 628 ⁵
437 629 644 680 AEQUAM
666 638 905 677 memento
926 630 1067 677 rebus
1090 630 1140 677 in
1163 631 1322 679 arduis

436 696 631 743 Servare
656 704 879 755 mentem,
904 712 1000 743 non
1024 694 1163 744 secus
1187 697 1236 745 in
1260 697 1395 745 bonis

500 761 579 808 Ab
601 761 820 808 insolenti
844 771 1150 825 temperatam

564 826 767 888 Laetitia,
791 825 1014 876 moriture
1038 828 1179 889 Delli,

435 894 532 941 Seu
557 903 751 940 moestus
773 892 901 941 o'mni
924 903 1132 957 tempore
1156 895 1342 955 vixeris,

433 961 530 1007 Seu
553 968 600 1007 te
624 960 672 1006 in
696 970 874 1007 remoto
895 961 1108 1023 gramine
1131 978 1213 1024 per
1236 961 1338 1008 dies

499 1026 666 1073 Festos
687 1026 966 1073 reclinatum
991 1027 1146 1074 bearis

564 1091 794 1139 Interiore
818 1093 930 1141 nota
954 1092 1161 1152 Falerni,

430 1157 548 1209 Qua
570 1158 710 1220 pinus
734 1159 904 1222 ingens
928 1159 1123 1222 albaque
1146 1159 1346 1222 populus

429 1224 655 1272 Umbram
681 1225 955 1288 hospitalem
981 1226 1252 1273 consociare
1276 1234 1436 1274 amant

497 1290 682 1349 Ramis,
705 1307 798 1353 qua
823 1301 871 1338 et
893 1292 1079 1354 obliquo
1101 1292 1281 1339 laborat

579 1356 795 1420 Lympha
818 1357 961 1420 fugax
982 1358 1216 1420 trepidare
1239 1358 1352 1406 rivo.

432 1422 547 1470 Huc
570 1423 694 1483 vina,
719 1433 767 1470 et
789 1435 1048 1486 unguenta,
1073 1433 1121 1472 et
1143 1421 1344 1472 nimium
1368 1423 1519 1474 brevis

432 1489 597 1536 Flores
621 1505 830 1536 amoenos
854 1491 974 1537 ferre
993 1491 1107 1554 jube
1130 1506 1264 1550 rosae,

498 1555 626 1602 Dum
651 1571 741 1614 reS‚
765 1565 813 1602 et
836 1565 963 1615 aetas,
988 1565 1035 1604 et
1059 1529 1282 1604 Sororum

563 1620 668 1668 Fila
690 1622 832 1668 trium
856 1623 1096 1684 patiuntur
1121 1632 1232 1670 atra.

430 1686 587 1734 Cedes
611 1688 841 1749 coemptis
864 1689 1074 1747 saltibus,
1099 1697 1147 1735 et
1169 1690 1323 1748 dom0,

429 1752 647 1814 Villaque
671 1753 816 1800 flavus
838 1770 979 1816 quam
1002 1754 1194 1802 Tiberis
1217 1755 1327 1803 lavit
1346 1770 1357 1802 ε

495 1819 681 1876 Cedes3
717 1829 764 1867 et
786 1821 1035 1867 exstructis
1058 1821 1108 1867 in
1131 1820 1277 1867 altum

560 1885 748 1932 Divitiis
770 1885 973 1948 potietur
996 1887 1159 1934 haeres.

428 1950 652 2010 Divesne,
675 1951 832 2013 priseo
855 1962 994 1999 natus
1018 1953 1077 1999 ab
1100 1951 1298 2012 Inacho,

429 2016 512 2064 Nil
537 2017 744 2076 interest,
770 2034 830 2064 an
855 2034 1048 2081 pauper,
1072 2027 1120 2066 et
1142 2018 1306 2067 infima

494 2082 568 2130 De
591 2092 749 2145 gente,
774 2084 862 2130 sub
886 2085 992 2133 divo
1014 2085 1225 2145 moreris,

562 2149 770 2196 Victima
792 2150 858 2197 nil
884 2151 1149 2199 miserantis
1171 2150 1304 2199 Oroi.

429 2213 612 2262 Omnes
635 2212 806 2262 eodem
829 2217 1069 2279 cogimur:
1105 2217 1319 2265 omnium

428 2280 655 2328 Versatur
678 2296 823 2340 urna3
859 2281 1010 2343 serius
1031 2281 1166 2332 ocius

494 2346 608 2394 Sors
629 2347 826 2407 exitura,
851 2358 899 2395 et
921 2365 1008 2396 nos
1031 2349 1080 2396 in
1105 2358 1334 2397 aeternum

559 2411 788 2460 Exsilium
814 2414 1088 2477 impositura
1110 2416 1305 2478 eymbae.

858 2672 998 2721 ODE
1031 2673 1118 2723 IV.

798 2787 862 2819 An
886 2788 1179 2823 SEPTIMIUM.

426 2872 655 2930 Sarum,
679 2871 838 2918 Gades
861 2871 1042 2918 aditure
1066 2888 1270 2934 meeum,
1294 2883 1342 2923 et

425 2937 717 2984 Cantabrum
741 2937 1023 2984 indoctum
1006 2953 1120 3000 juga
1144 2938 1263 2987 ferre
1286 2949 1461 3002 nostra,
1484 2950 1534 2989 et

425 3001 654 3050 Bal-baras
677 3003 853 3064 Syrtes,
878 3003 959 3049 ubi
984 3002 1154 3051 Maura
1176 3021 1359 3069 semper

688 3068 878 3116 AEstuat
901 3070 1055 3117 unda:

427 3130 598 3192 Tibur,
624 3134 784 3196 Argeo
806 3135 1009 3196 positum
1032 3136 1214 3196 colono,

431 3198 505 3246 Sit
526 3213 643 3309 mgae
668 3200 804 3247 sedes
827 3200 1007 3247 utinam
1031 3203 1262 3250 seneotae!

1754 1226 1815 1274 10

1754 1557 1813 1604 15

1748 1886 1814 1936 20
