1936 3450
168 249 261 297 136
362 215 364 219 >
708 246 759 294 Q.
789 247 1031 288 HORATII
1060 247 1266 310 FLACCI

295 365 511 414 Perditur·
535 366 638 413 haec
661 366 783 414 inter
806 366 977 414 misero
999 366 1096 427 lux,
1120 382 1215 414 non
1238 366 1341 414 sine
1363 366 1508 415 votis:

231 432 278 479 Ο
303 448 397 492 rus,
422 433 610 494 quando
633 449 722 495 ego
744 442 793 480 te
815 432 1073 495 aspiciam?
1108 433 1388 495 quandoque
1409 433 1587 495 licebit,
1616 489 1619 491 .

230 498 376 545 Nunc
401 508 609 545 veterum
632 498 778 558 libris,
803 515 933 546 nunc
956 515 1121 546 somno
1145 508 1193 546 et
1215 498 1447 553 inertibus,
1466 500 1615 561 horis5

231 564 419 611 Ducere
444 565 653 612 sollicitae
673 565 885 627 jucunda
906 565 1076 612 oblivia
1099 565 1240 611 visaet

230 631 276 677 O
300 631 487 692 quando
511 631 632 690 faba,
658 631 934 693 Pythagorae
958 640 1174 693 cognata,
1199 629 1430 693 simulque
1469 627 1471 631 ’

231 697 386 744 Uncta
409 695 521 743 satis
545 697 708 759 pingui
732 706 965 759 ponentur
987 697 1386 744 oluscula'lardo'!

230 762 276 809 O
302 774 464 810 noctes
487 778 727 825 coenaeque
751 763 910 826 desim,
934 764 1104 825 quibus
1127 763 1225 826 ipse
1249 763 1435 826 meique

235 830 360 876 Ante
385 829 555 875 Larem
576 829 814 891 proprium
838 828 1015 888 vescor,
1040 844 1298 891 vernasque
1320 843 1544 891 procaces

231 895 381 941 Pasco
404 895 558 941 libatis
582 895 805 957 dapibus!
875 895 1021 942 Prout
1043 895 1214 957 cuique
1241 895 1388 942 libido
1410 904 1497 956 est,

232 961 392 1009 Siccat
415 961 667 1022 inaequales
691 961 864 1007 calices
887 961 1099 1020 conviva,
1125 961 1303 1008 solutus

230 1028 439 1088 Legibus
463 1027 668 1074 insanis:
704 1043 788 1074 seu
806 1027 910 1089 quis
933 1028 1059 1090 capit
1082 1027 1210 1075 acria
1233 1027 1363 1074 fortis

230 1093 428 1152 Pocula;
447 1109 530 1139 seu
553 1091 752 1140 modicis
775 1093 954 1140 uvescit
975 1092 1142 1141 laetius.
1211 1092 1358 1155 Ergo>

231 1159 397 1206 Sermo
419 1159 582 1218 oritur,
606 1175 702 1206 non
727 1160 785 1206 de
809 1159 930 1206 villis
954 1159 1226 1206 domibusve
1251 1157 1433 1220 alienis,
1488 1208 1494 1213 ,

230 1224 336 1272 Nec
360 1222 483 1271 male
510 1241 664 1271 necne
689 1225 842 1287 Lepos
866 1226 1027 1272 saltet:
1063 1226 1162 1285 sed,
1185 1226 1308 1287 quod
1331 1220 1482 1288 magis
1505 1225 1564 1273 ad
1587 1241 1675 1273 nos

229 1291 439 1338 Pertinet
462 1299 509 1337 et
532 1291 715 1338 nescire
739 1291 914 1338 malum
938 1302 1024 1350 est,
1049 1293 1306 1354 agitamus}
1343 1299 1563 1340 utrumne

229 1357 417 1403 Divitiis
442 1357 670 1415 homines,
696 1373 756 1404 an
781 1357 876 1404 sint
899 1357 1068 1404 virtute
1090 1357 1241 1414 beati3

227 1423 419 1473 Quidve
443 1423 502 1469 ad
526 1423 774 1482 amicitias,
798 1439 911 1469 usus
934 1433 1194 1483 rectumne,
1219 1424 1372 1470 trahat
1394 1439 1509 1481 nos3

229 1489 306 1548 Et,
331 1505 434 1550 quae
459 1489 517 1535 sit
541 1498 707 1536 natura
731 1489 844 1535 boni
865 1506 876 1546 ;
914 1505 1243 1551 summumque
1267 1489 1379 1551 quid
1403 1489 1518 1552 ejus,

230 1556 428 1601 Cervius
454 1556 554 1601 haec
580 1555 699 1602 inter
724 1555 907 1602 vicinus
931 1556 1075 1618 garrit
1098 1556 1248 1605 aniles

229 1621 302 1667 Ex
326 1638 374 1667 re
400 1621 603 1667 fabellas.
673 1620 799 1669 Nam
825 1622 863 1667 si
886 1622 990 1682 quis
1013 1622 1173 1669 laudat
1196 1619 1347 1667 Arelli

230 1688 464 1734 Sollicitas
489 1689 679 1749 ignarus
702 1704 830 1751 opes,
855 1687 924 1734 sic
948 1688 1141 1750 incipit:
1178 1686 1354 1733 “Olim

228 1754 459 1800 Rusticus
482 1755 713 1800 urbanum
740 1770 919 1800 murem
946 1770 1049 1800 mus
1072 1769 1276 1816 paupere
1301 1753 1444 1799 fertur

228 1820 487 1882 Accepisse
511 1836 642 1878 cavo,
668 1829 870 1866 veterem
897 1830 1027 1866 vetus
1052 1821 1219 1882 hospes
1243 1819 1474 1876 amicum;

228 1887 380 1948 Asper
405 1896 451 1933 et
475 1895 678 1932 attentus
701 1885 922 1948 quaesitis,
942 1895 993 1932 ut
1017 1895 1174 1933 tamen
1199 1895 1380 1932 arctum

230 1953 439 1999 Solveret
462 1951 672 2014 hospitiis
697 1953 920 1998 animum.
989 1952 1123 2005 Quid
1141 1952 1326 2000 multa?
1362 1965 1516 2013 neque
1538 1948 1617 1999 ille

230 2019 431 2080 Sepositi
456 2018 639 2077 ciceris,
664 2034 754 2064 nec
778 2019 930 2080 longae
955 2018 1121 2065 invidit
1144 2033 1302 2065 avenae
1321 2034 1350 2071 ε,

229 2085 429 2130 Aridum
454 2094 502 2131 et
523 2100 603 2131 ore
629 2084 782 2131 ferens
807 2084 1021 2143 acinum,'
1039 2099 1312 2145 semesaque
1335 2080 1452 2129 lardi

229 2149 398 2196 Frusta
418 2150 562 2209 dedit,
589 2150 786 2211 cupiens
809 2150 936 2196 varia
962 2149 1146 2196 fastidia
1169 2149 1307 2196 omna

230 2216 437 2263 Vincere
461 2216 697 2278 tangentis
722 2214 844 2262 male
869 2216 1055 2278 singula
1079 2216 1219 2262 dente
1245 2213 1471 2276 superbo:

225 2282 392 2332 Quum
416 2292 546 2344 pater
567 2283 665 2343 ipse
690 2282 857 2328 domus
879 2282 1015 2344 palea
1038 2290 1280 2343 porrectus
1304 2280 1351 2326 in
1378 2278 1527 2327 horna

228 2347 366 2394 Esset
390 2348 795 2409 ador'loliumque‚
817 2348 949 2410 dapis
974 2348 1166 2395 meliora
1188 2347 1470 2407 relinquens.

228 2414 449 2460 Tandem
465 2413 671 2460 urbanus
687 2414 743 2460 ad
762 2415 904 2472 hunc,
921 2417 932 2437 ‘
949 2413 1082 2463 Quid
1098 2423 1143 2460 te
1154 2413 1314 2476 juvat,'
1337 2411 1501 2474 inquit,
1521 2414 1533 2436 ‘
1546 2410 1715 2472 amice,
1730 2408 1797 2460 90

227 2480 453 2543 Praerupti
480 2480 685 2527 nemoris
707 2480 965 2541 patientem
987 2480 1142 2527 vivere
1166 2479 1338 2526 dorso?

227 2546 313 2592 Vis
336 2555 386 2592 tu
414 2546 625 2593 homines
648 2546 906 2608 urbemque
931 2546 1038 2592 feris
1060 2561 1330 2608 praeponere
1354 2542 1516 2590 silvis'l
1594 2582 1596 2586 .
1662 2598 1664 2605 γ

226 2612 380 2673 Carpe
403 2612 542 2671 viam,
569 2611 682 2659 mihi
707 2612 865 2670 crede,
890 2627 1064 2671 comeS‚
1088 2610 1325 2658 terrestria
1347 2609 1536 2671 quando

227 2676 451 2724 Mortales
475 2678 656 2724 animas
680 2678 840 2724 vivunt
862 2677 1038 2737 sortita,
1064 2692 1216 2738 neque
1241 2676 1336 2722 ulla
1361 2684 1432 2722 est

228 2744 326 2789 Aut
351 2759 522 2805 magno
546 2754 626 2790 aut
648 2759 789 2806 parvo
807 2743 885 2789 leti
911 2743 1020 2805 fuga
1042 2759 1051 2790 :
1087 2758 1194 2803 quo,
1220 2741 1357 2809 bone,
1381 2740 1524 2798 circa,
1729 2739 1795 2788 95

227 2808 353 2854 Dum
379 2808 503 2867 licet,
530 2809 577 2855 in
598 2810 737 2855 rebus
756 2809 980 2870 jucundis
1007 2807 1106 2854 vive
1131 2808 1322 2863 beatus3

224 2874 343 2920 Vive
368 2890 546 2920 memor
569 2873 710 2935 quam
735 2875 798 2920 sis
823 2874 907 2921 aevi
931 2874 1111 2921 brevis)
1182 2872 1302 2918 Haec
1326 2870 1406 2917 ubi
1429 2871 1555 2918 dicta

226 2941 476 3001 Agrestem
500 2939 740 3001 pepulere,
766 2940 904 2987 domo
927 2940 1039 2987 levis
1062 2938 1215 2986 exsilit
1237 2954 1246 2983 :
1283 2936 1393 2983 inde

226 3006 383 3052 Ambo
406 3005 690 3067 propositum
714 3015 946 3067 peragunt
970 3006 1071 3063 iter,
1096 3004 1224 3050 urbis
1247 3012 1437 3052 aventes

228 3070 407 3117 Moenia
429 3070 647 3117 nocturni
671 3071 938 3132 subrepere.
1009 3069 1207 3130 Jamque
1230 3069 1422 3115 tenebat
1701 3066 1794 3114 100

229 3136 340 3183 Nox
362 3136 571 3183 medium
595 3135 701 3184 coeli
726 3136 944 3196 spatium,
968 3151 1110 3197 quum
1133 3134 1265 3197 ponit
1287 3143 1481 3195 uterque
1728 3149 1729 3152 ¹

229 3201 286 3248 In
310 3202 541 3265 locuplete
565 3202 703 3249 domo
728 3201 948 3264 vestigia3
984 3200 1124 3248 rubro
1147 3200 1227 3246 ubi
1251 3215 1397 3247 cocco
