1924 3412
723 264 952 306 EPODON
982 264 1167 305 LIBER.

380 383 575 433 Unxere
600 394 772 432 matres
795 382 896 434 Ilioe
919 385 1162 434 addictum
1187 386 1298 433 feris

379 451 587 499 Alitibus
612 461 749 513 atque
772 451 970 498 canibus
993 453 1278 499 homicidam
1303 451 1579 513 Hectorem,

382 517 636 579 Postquam
660 501 838 565 relictis
862 518 1097 564 moenibus
1120 519 1458 581 rex-procidit,

380 583 518 631 Heu!
554 584 815 646 pervicacis
838 584 896 630 ad
919 585 1065 645 pedes
1090 585 1315 631 Achillei.

380 650 548 697 Setosa
571 650 702 696 duris
725 648 900 697 exuere
925 650 1126 711 pellibus

380 715 622 762 Laboriosi
646 717 848 778 remiges
872 716 1076 776 Ulyssei',

378 781 579 828 Voleute
603 781 760 840 Circe,
786 783 1019 838 membra.;
1055 791 1171 828 tunc
1194 797 1345 842 mens,
1369 791 1418 830 et
1438 797 1584 836 sonus

379 847 633 911 Relapsus,
653 857 790 910 atque
816 857 953 896 notus
977 849 1024 894 in
1050 848 1203 894 vultus
1226 850 1388 896 honor.

381 913 506 961 Dedi
527 912 642 961 satis
665 912 900 976 superque
925 924 1170 978 poenarum
1195 915 1296 973 tibi,

381 982 555 1028 Amata
578 981 733 1027 nautis
748 979 958 1028 'multum
982 990 1030 1028 et
1054 981 1357 1028 institoribus.

382 1046 526 1110 Fugit
546 1047 778 1109 juventaS‚
802 1056 850 1093 et
873 1047 1168 1094 verecundus
1192 1047 1319 1094 color

380 1113 594 1175 Reliquit
616 1129 722 1159 ossa
744 1113 867 1174 pelle
891 1115 1063 1160 amicta
1086 1112 1240 1160 lurida
1260 1130 1272 1171 ;

379 1180 503 1227 Tuis
525 1179 721 1241 capillus
745 1179 878 1225 albus
901 1189 971 1227 est
994 1176 1228 1226 odoribus.

378 1245 578 1293 Nullum
602 1261 630 1291 a
651 1245 809 1292 labore
835 1252 910 1292 me
934 1246 1131 1292 reclinat
1152 1246 1328 1309 otium:
1402 1280 1405 1281 γ
1488 1276 1489 1279 =

379 1312 528 1375 Urget
552 1312 678 1358 diem
703 1328 810 1369 nox,
835 1320 882 1358 ct
905 1313 1006 1358 dies
1030 1308 1241 1370 noctem;
1277 1327 1431 1374 neque
1454 1318 1526 1359 est

379 1379 559 1426 Levare
583 1385 713 1424 tenta
736 1378 899 1439 spiritu
922 1378 1192 1440 praecordia.

382 1445 511 1507 Ergo
536 1453 758 1506 negatum
783 1445 944 1491 vincor
968 1454 1019 1491 ut
1042 1445 1232 1491 credam
1256 1444 1415 1503 miser,

383 1511 571 1558 Sabella
593 1519 757 1573 pectus
782 1510 1024 1573 increpare
1049 1511 1275 1570 carmina,

382 1577 628 1638 Caputque
654 1576 813 1622 Marsa
837 1577 1037 1624 dissilire
1062 1577 1231 1623 naenia.

379 1643 515 1693 Quid
540 1641 739 1705 amplius
763 1643 863 1688 vis?
910 1642 956 1689 O
980 1659 1109 1689 mare
1127 1643 1336 1690 et‘terra!
1373 1642 1532 1702 ardeo,

382 1706 632 1759 Quantum
661 1718 812 1769 neque
835 1717 936 1756 atro
958 1709 1194 1755 delibutus
1219 1708 1455 1755 Hercules

384 1774 525 1821 Nessi
546 1789 726 1832 cruore,
750 1790 843 1819 neo
866 1774 1041 1820 Sicana
1066 1775 1243 1820 fervida

382 1839 537 1887 Utens
562 1840 609 1886 in
636 1839 782 1886 AEtna
808 1838 1007 1886 flamma.
1061 1838 1159 1898 Tu,
1184 1840 1337 1886 donec
1360 1838 1485 1886 cinis
1509 1881 1518 1887 .

384 1905 629 1969 Injuriosis
653 1906 812 1951 aridus
835 1906 984 1952 ventis
1009 1906 1144 1964 ferar,

383 1972 525 2019 Cales
549 1972 743 2018 venenis
763 1971 953 2019 officina
976 1971 1229 2019 Colchicis,

383 2038 510 2088 Quae
535 2037 675 2084 finis?
710 2046 790 2084 aut
812 2039 935 2099 quod
960 2054 1035 2084 me
1061 2047 1220 2084 manet
1243 2036 1529 2100 stipendium
1548 2036 1568 2085 'l

383 2103 570 2150 Effare:
602 2104 757 2166 jussas
780 2120 890 2150 cum
914 2104 1006 2150 fide
1029 2120 1192 2166 poenas
1215 2105 1359 2163 luam,

383 2170 579 2217 Paratus
602 2171 806 2232 expiare,
831 2186 914 2216 seu
933 2171 1200 2235 poposceris

384 2235 588 2282 Centum
609 2236 851 2298 juverlcOS‚
876 2236 971 2282 sive
996 2237 1213 2283 mendaci
1233 2236 1334 2298 lyra

383 2302 527 2349 Voles
551 2302 732 2358 sonari3
769 2312 819 2348 tu
842 2303 1030 2363 pudica,
1054 2313 1104 2348 tu
1128 2303 1287 2364 proba,

383 2367 736 2414 Perambulabis
760 2377 881 2414 astra
905 2368 1034 2414 sidus
1058 2383 1267 2416 aureum.

384 2432 582 2479 Infamis
607 2433 806 2479 Helenae
830 2433 998 2480 Castor
1021 2433 1228 2480 offensus
1247 2435 1364 2493 vice,

385 2498 646 2560 Fraterque
670 2499 828 2561 magni
853 2499 1077 2557 Castoris,
1102 2500 1212 2549 victi
1235 2515 1392 2562 prece,

385 2565 624 2627 Adempta
647 2565 738 2610 vati
762 2559 1011 2611 reddidere
1035 2565 1226 2612 lumina.
1316 2561 1327 2568 ‘⁴

385 2629 448 2677 Et
470 2641 536 2689 tu,
562 2641 693 2693 potes
713 2647 839 2690 nam,
865 2630 989 2677 solve
1014 2646 1089 2677 me
1114 2631 1370 2691 dementia,

386 2695 433 2743 Ο
458 2712 548 2743 nec
565 2697 773 2759 paternis
795 2696 1004 2743 obsoleta
1026 2697 1256 2756 sordibus,

385 2761 492 2809 Nec
518 2763 564 2808 in
592 2762 820 2824 sepulcris
841 2778 1095 2824 pauperum
1120 2764 1328 2824 prudens
1351 2780 1471 2812 anus

386 2826 705 2875 Novendiales
730 2829 957 2891 dissipare
980 2829 1206 2890 pulveres.
1410 2847 1413 2849 “

384 2892 498 2940 Tibi
524 2895 748 2956 hospitale
772 2904 938 2957 pectus
960 2904 1007 2940 et
1028 2910 1155 2957 purae
1179 2910 1363 2943 manus.

847 3019 1046 3046 CAmmA.

382 3090 518 3142 Quid
540 3091 766 3139 obseratis
788 3093 977 3139 auribus
1002 3092 1157 3139 fundis
1178 3094 1376 3154 preces'l

388 3155 501 3203 Non
525 3172 634 3204 saxa
659 3157 798 3204 nudis·
818 3158 1032 3204 surdiora
1057 3158 1223 3205 navitis

388 3221 640 3284 Neptunus
664 3222 757 3271 alto
779 3224 935 3270 tundit
959 3223 1182 3276 hibernus
1206 3224 1317 3271 salo.

1704 650 1765 697 15

1702 1312 1770 1359 25

1706 1607 1770 1690 30

1698 1971 1767 2020 '35

1702 2301 1768 2351 4⁰

1700 2632 1767 2680 45
