1976 3432
690 252 1024 306 ‘CARMINUM
1051 253 1167 294 Lm..
1189 253 1272 295 111.

490 372 540 421 N
542 388 599 420 ec
621 373 766 421 sumit
788 382 870 430 aut
891 373 1024 436 ponit
1046 389 1237 421 secures

553 438 763 487 Arbitrio
784 439 1018 502 popularis
1041 455 1181 486 aurae.

422 505 602 564 VirtuS‚
626 506 877 552 recludens
900 506 1144 552 immeritis
1162 504 1280 553 mori

424 571 628 630 Coelum,
654 571 826 634 negata⁴
849 579 999 618 tentat
1022 572 1108 618 iter
1131 571 1207 618 via
1227 586 1239 617 ε

488 637 744 698 Coetusque
767 637 983 700 vulgares
1005 647 1052 684 et
1070 637 1212 683 udam

553 703 741 764 Spernit
763 704 958 750 humum
985 703 1193 766 fugiente
1216 702 1389 766 penna.

419 767 508 816 Est
529 777 576 815 et
599 768 726 815 fideli
750 777 853 815 tuta
878 769 1065 827 silentio

420 832 636 882 Merces:
671 835 852 894 vetabo,
876 835 954 897 qui
979 834 1167 881 Cereris
1190 849 1379 881 sacrum

486 899 704 962 Vulgarit
726 916 928 960 arcanae,
952 901 1040 947 sub
1063 899 1215 948 isdem

551 966 624 1013 Sit
645 967 870 1027 trabibus,
895 967 1166 1029 fragilemve
1189 981 1378 1012 mecum

419 1031 578 1079 Solvat
601 1032 810 1078 faselum.
869 1030 1007 1095 Saepe
1032 1032 1268 1095 Diespiter

421 1097 471 1145 N
473 1098 685 1160 eglectus
708 1098 890 1145 incesto
913 1099 1093 1146 addidit
1115 1099 1376 1160 integrum:

482 1162 616 1212 Raro
640 1165 1000 1212 antecedentem
1019 1164 1272 1212 scelestum

547 1229 768 1278 Deseruit
788 1232 909 1294 pede
934 1230 1081 1278 Poena
1103 1231 1286 1278 claudo.

839 1510 977 1574 oDE
1012 1525 1104 1573 III.

415 1626 445 1673 J
451 1643 616 1675 us‘rUM
640 1642 696 1673 ac
719 1635 936 1673 tenacem
970 1625 1192 1687 propositi
1216 1626 1367 1673 virum

417 1693 531 1740 Non
554 1693 727 1739 civium
752 1692 888 1739 ardor
910 1707 1052 1752 prava
1069 1691 1357 1753 jubentium,

480 1758 592 1806 Non
616 1759 770 1805 vultus
794 1757 1011 1804 instantis
1033 1758 1219 1818 tyranni

545 1823 709 1871 Mente
733 1823 882 1886 quatit
904 1822 1070 1881 solida,
1094 1839 1250 1885 neque
1270 1817 1458 1884 Auster,

414 1890 526 1938 Dux
548 1890 745 1952 inquieti
762 1888 978 1937 turbidus
1002 1887 1212 1948 Hadriae,

413 1956 462 2004 N
465 1972 520 2004 ec
546 1955 836 2003 fulminantis
858 1969 1030 2017 magna
1053 1954 1182 2002 Jovis
1200 1971 1398 2002 manus:

480 2023 531 2070 Si
555 2022 729 2069 fractus
753 2021 966 2068 illabatur
988 2021 1129 2079 orbiS,

543 2088 837 2152 Impavidum
862 2086 1031 2134 ferient
1053 2087 1214 2134 ruinae.
1251 2121 1256 2128 .

412 2154 523 2202 Hac
547 2164 643 2202 arte
669 2154 848 2212 Pollux,
872 2162 919 2200 et
943 2168 1087 2215 vagus
1111 2153 1361 2214 Hercules,

412 2221 603 2283 Enisus,
629 2236 760 2267 arces
784 2220 936 2282 attigit
960 2219 1150 2282 igneas:

476 2287 614 2337 Quos
634 2288 754 2333 inter
777 2286 1024 2348 Augustus
1047 2285 1328 2333 recumbens

541 2353 783 2415 Purpureo
807 2352 923 2398 bibit
944 2366 1024 2398 ore
1047 2361 1223 2398 nectar.

412 2418 522 2465 Hac
545 2428 590 2466 te
615 2427 891 2475 merentem,
916 2417 1106 2464 Bacche
1128 2427 1275 2480 pater,
1298 2426 1392 2465 tuae

411 2483 599 2531 Vexere
623 2485 782 2546 tigres,
809 2483 999 2530 indocili
1018 2483 1186 2546 jugum

475 2550 609 2597 Collo
633 2550 882 2596 trahentes,
941 2549 1051 2595 Hac
1072 2544 1307 2599 Quirinus

541 2615 708 2662 Martis
741 2615 873 2677 equis
897 2615 1171 2661 Acheronta
1195 2614 1341 2678 fugit;

408 2682 605 2729 Gratum
629 2681 850 2742 eloquuta
874 2679 1231 2727 consiliantibus

409 2747 439 2794 J
445 2763 599 2795 unone
624 2748 764 2794 divis:
801 2750 830 2771 ‘⁶
846 2745 984 2805 Ilion,
1010 2745 1131 2793 Ilion

475 2812 666 2872 Fatalis,
691 2813 989 2874 incestusque
1009 2811 1174 2874 judex,

539 2878 601 2926 Et
623 2879 789 2925 mulier
812 2877 1074 2941 peregrina,
1099 2877 1233 2925 vertit

413 2943 471 2990 In
496 2944 748 3006 pulverem,
772 2960 829 2991 ex
853 2959 946 3005 quo
967 2943 1178 2991 destituit
1200 2944 1314 2991 deos

409 3007 633 3056 Mercede
655 3010 793 3072 pacta
817 3009 1103 3068 Laomedon,
1127 3009 1242 3056 mihi

475 3074 721 3137 Castaeque
745 3076 1017 3122 damnatum
1042 3074 1268 3123 Minervae
1395 3122 1398 3124 ,

539 3139 663 3186 Cum
685 3140 855 3203 populo
875 3149 923 3187 et
946 3141 1067 3187 duce
1092 3140 1398 3188 fraudulento.

410 3204 517 3251 Jam
540 3221 631 3251 nec
654 3205 870 3252 Lacaenae
894 3205 1107 3268 splendet
1129 3205 1351 3253 adulterae

1731 440 1798 490 20

1729 2220 1787 2269 1⁰

1724 2551 1784 2599 15
