1936 3450
582 227 924 270 sATmARUM
953 206 1150 277 L1n.''11.
1179 229 1218 268 2.
1463 225 1469 231 “
1622 232 1717 282 ιι9

149 345 402 398 Miscueris
424 347 561 407 elixa,
586 347 724 396 simul
750 347 998 410 conchylia
1019 347 1192 405 turdis;

149 415 323 463 Dulcia
345 430 395 462 se
418 414 467 461 in
491 413 634 477 bilem
658 422 853 474 vertent,
877 414 1209 476 stomachoque
1233 411 1487 461 tumultum

149 481 303 529 Lenta
326 481 442 528 feret
463 480 642 543 pituita.
701 481 850 528 Vides
873 489 925 527 ut
947 480 1149 543 pallidus
1171 478 1324 527 omnis
1651 480 1717 528 75

147 547 300 594 Coena
323 547 542 610 desurgat
565 547 747 594 dubia?
798 545 934 597 Quin
959 562 1128 608 corpus
1151 548 1374 593 onustum

147 608 394 660 Hesternis
417 613 537 658 vitiis
561 612 770 659 animum
793 628 974 674 quoque
997 605 1392 675 praegr’avabunfi,

148 681 304 740 Atque
328 679 490 740 affligit
510 679 652 724 humo
678 679 846 725 divinae
869 678 1148 740 particulam
1172 692 1310 725 aurae.

149 745 299 803 Alter,
325 745 404 791 ubi
429 744 555 791 dicto
578 741 719 791 citius
742 753 903 791 curata
928 744 1080 807 sopori

150 809 367 857 Membra
390 810 534 868 dedit,
559 819 752 871 vegetus
774 810 1044 872 praescripta
1067 809 1314 865 adxmunia
1337 809 1498 872 surgit.
1563 811 1566 813 ’
1652 807 1719 856 80

150 876 246 923 Hic
268 885 426 923 tamen
452 874 510 922 ad
534 876 702 922 melius
723 875 892 938 poterit
914 884 1232 923 transcurrere
1255 876 1522 938 quondam:

152 942 262 1003 Sive
286 942 412 988 diem
432 941 600 988 festum
623 941 811 988 rediens
835 941 1081 988 adduxerit
1103 957 1280 999 annus;

151 1009 248 1055 Seu
270 1023 483 1054 recreare
510 1007 628 1054 volet
650 1016 896 1054 tenuatum
919 1023 1115 1069 corpus3
1152 1007 1325 1070 ubique

151 1074 400 1120 Accedent
423 1073 552 1132 anni,
577 1082 624 1119 et
647 1073 842 1120 tractari
859 1070 1047 1128 mollius
1071 1081 1183 1120 aetas

150 1139 395 1186 Imbecilla
417 1139 549 1186 volet.
596 1137 710 1185 Tibi
734 1139 958 1201 quidnam
982 1136 1179 1186 accedet
1201 1139 1262 1186 ad
1285 1139 1422 1187 istam
1654 1138 1721 1187 85

148 1205 311 1257 Quam
334 1219 450 1268 puer
473 1214 521 1267 et
543 1204 722 1251 validus
744 1205 988 1268 praesumis
1012 1205 1268 1266 mollitiem,
1292 1221 1378 1253 seu

150 1271 283 1318 Dura
306 1271 520 1317 valetudo
542 1271 774 1330 inciderit,
799 1287 883 1318 seu
906 1271 1037 1318 tarda
1059 1272 1312 1319 senectus?

218 1337 491 1383 Rancidum
516 1352 679 1399 aprum
706 1337 883 1399 antiqui
907 1337 1192 1384 laudabant:
1227 1353 1324 1385 non
1348 1338 1458 1400 quia
1478 1353 1623 1385 nasus

152 1402 253 1450 Illis
276 1403 432 1449 nullus
450 1412 564 1462 erat,
589 1403 688 1462 sed,
713 1403 871 1463 credo,
897 1403 988 1450 hac
1011 1412 1185 1463 mente,
1209 1401 1336 1465 quod
1356 1405 1524 1467 hospes

150 1468 362 1516 Tardius
386 1469 638 1515 adveniens
662 1469 871 1516 vitiatum
896 1467 1206 1529 commodius,
1230 1468 1371 1532 quam
1655 1469 1722 1518 90

153 1534 395 1598 Integrum
414 1535 533 1581 edax
556 1534 790 1595 dominus,
815 1545 1126 1582 consumeret.
1186 1535 1289 1583 Hos
1312 1536 1491 1584 utinam
1514 1536 1635 1584 inter

152 1599 336 1648 Heroas
359 1610 519 1647 natum
538 1601 674 1647 tellus
697 1617 772 1647 me
795 1601 945 1663 prima
966 1601 1147 1648 tulisset
1166 1602 1176 1648 ἱ

218 1666 316 1712 Das
339 1666 510 1728 aliquid
536 1667 685 1725 famae,
709 1682 812 1728 quae
836 1667 1044 1713 carmine
1067 1667 1238 1729 gratior
1261 1683 1422 1715 aurem

152 1731 371 1794 Occupat
395 1733 680 1778 humanam?
736 1732 956 1779 Grandes
974 1733 1156 1780 rhombi
1179 1734 1443 1796 patinaeque

116 1837 122 1843 .
155 1798 349 1844 Grande
375 1798 529 1844 ferunt
553 1798 649 1844 una
673 1813 782 1844 cum
807 1799 980 1845 damno
1003 1799 1238 1845 dedecus:
1274 1800 1395 1846 adde
1655 1799 1722 1847 95

154 1863 331 1911 Iratum
354 1873 588 1926 patruum,
612 1864 806 1923 vicinOS,
833 1874 878 1911 te
900 1864 986 1911 tibi
1010 1865 1238 1926 iniquum,

156 1929 219 1977 Et
243 1929 412 1977 frustra
437 1929 597 1976 mortis
620 1930 860 1992 cupidum,
883 1946 1027 1992 quum
1047 1931 1197 1979 deerit
1218 1931 1376 1994 egenti

154 1996 241 2055 As,
265 1996 415 2058 laquei
440 1995 652 2058 pretium.
710 2000 741 2020 “
763 1995 792 2042 J
797 1997 924 2056 ure,''
951 1997 1116 2059 inquit,
1154 2002 1183 2023 ‘⁴
1204 1996 1436 2044 Trausius
1458 1997 1559 2045 istis

153 2061 184 2107 J
190 2070 380 2124 urgatur
403 2062 580 2108 verbis:
617 2077 706 2124 ego
728 2062 975 2125 vectigalia
997 2077 1171 2126 magna

155 2127 444 2189 Divitiasque
468 2127 618 2174 habeo
640 2128 788 2175 tribus
811 2129 989 2191 amplas
1012 2130 1248 2191 regibus.'’
1298 2128 1440 2192 Ergo,
1630 2129 1724 2176 100

152 2193 299 2244 Quod
324 2203 524 2255 superat,
548 2210 642 2240 non
667 2203 738 2240 est
761 2194 931 2242 melius
953 2211 1046 2257 quo
1071 2195 1309 2242 insumere
1331 2196 1514 2258 possis?

154 2259 253 2306 Cur
277 2269 384 2321 eget
407 2260 629 2322 indignus
652 2260 912 2322 quisquam,
931 2269 977 2307 te
1002 2262 1175 2308 divite?
1230 2261 1397 2312 Quare

155 2324 359 2387 Templa
381 2335 524 2371 ruunt
547 2325 737 2387 antiqua
759 2327 937 2373 desim?
993 2327 1108 2386 Cur,
1134 2327 1359 2390 improbe,
1384 2342 1506 2374 carae

155 2389 267 2437 Non
292 2391 464 2451 aliquid
488 2391 646 2452 patriae
671 2401 801 2438 tanto
823 2393 1029 2438 emetiris
1054 2395 1251 2440 acervo?

156 2456 250 2503 Uni
275 2457 493 2502 nimirum
518 2456 603 2502 tibi
627 2454 754 2502 recte
780 2473 963 2519 semper
986 2468 1125 2505 erunt
1148 2460 1255 2505 res?
1632 2457 1726 2505 105

154 2521 202 2568 O
225 2538 423 2584 magnus
446 2522 639 2583 posthac
665 2522 869 2568 inimicis
892 2523 1012 2569 risus
1031 2524 1041 2569 l
1078 2523 1255 2570 Uterne

155 2587 234 2634 Ad
258 2604 393 2634 casus
418 2587 580 2633 dubios
604 2587 716 2634 fidet
739 2588 825 2634 sibi
849 2587 1023 2636 certius
1043 2604 1054 2646 ;
1091 2589 1169 2635 hic
1191 2588 1271 2651 qui

156 2652 376 2700 Pluribus
399 2652 600 2699 assuerit
622 2663 828 2700 mentem
849 2651 1109 2716 corpusque
1133 2654 1414 2717 superbum3

157 2719 235 2765 An
258 2719 353 2780 qui,
378 2728 627 2766 contentus
650 2735 791 2782 parvo
814 2728 1121 2782 metuensque
1146 2721 1303 2780 futuri,
1407 2720 1411 2724 ’

157 2783 216 2830 In
239 2800 372 2846 pace,
397 2794 447 2831 ut
470 2785 673 2847 sapienS,
699 2785 869 2847 aptarit
893 2786 1062 2832 idonea
1086 2786 1238 2833 bello?
1634 2787 1727 2834 110

219 2847 334 2898 Quo
359 2847 508 2911 magis
533 2851 604 2897 his
623 2851 814 2906 credas;
852 2866 965 2913 puer
990 2852 1117 2899 hunc
1141 2868 1228 2915 ego
1249 2868 1419 2916 parvus
1440 2851 1650 2900 Ofellum

157 2912 359 2976 Integris
380 2916 544 2977 opibus
566 2917 673 2963 novi
698 2932 792 2963 non
818 2917 958 2964 latius
982 2933 1135 2977 usum,

153 2978 317 3029 Quam
341 2995 469 3026 nunc
491 2982 670 3028 accisis.
730 2982 907 3029 Videas
931 2992 1103 3030 metato
1127 2984 1174 3030 in
1194 2983 1346 3046 agello

158 3044 281 3090 Cum
304 3061 471 3107 pecore.
494 3055 541 3092 et
564 3047 716 3108 gnatis
741 3047 903 3094 fortem
929 3050 1146 3095 mercede
1172 3050 1407 3109 colonum,
1695 3097 1699 3103 ,

156 3113 187 3133 “
207 3108 317 3157 Non
336 3111 469 3172 ego,''
494 3122 776 3172 narrantem,
801 3118 830 3138 “
847 3112 1024 3161 temere
1049 3115 1125 3161 edi
1145 3115 1250 3163 luce
1273 3116 1475 3180 profesta
1634 3117 1726 3164 115

154 3174 448 3237 Quidquam,
470 3185 636 3238 praeter
659 3178 777 3239 oluS,
803 3179 994 3227 fumosae
1019 3195 1126 3226 cum
1150 3182 1269 3243 pede
1293 3198 1462 3244 pernae.
