1936 3450
1621 131 1626 136 ’
1909 140 1936 230 ’ἓ

1930 251 1936 289 l

509 508 588 584 Q.
644 479 1128 606 'HQRATII
1202 512 1609 614 FLAoc1
1711 540 1782 551 -

700 727 1336 821 EPIsToLA'RU
1360 696 1431 790 Μ’

751 976 757 982 ,
784 929 958 980 LIBER
1004 928 1328 973 SECUNDUS.
1384 916 1387 925 '

852 1281 1190 1353 EPISTOLA
1214 1283 1254 1331 1.

863 1397 930 1429 An
953 1385 1238 1432 Auens‘rmu.

294 1479 456 1530 Quum
478 1488 546 1527 tot
569 1481 801 1528 sustineas
817 1491 872 1529 vet
896 1491 1025 1530 tanta
1050 1483 1239 1546 negotia
1262 1485 1403 1546 solus,
1424 1507 1427 1510 ’

294 1546 398 1593 Res
422 1545 564 1593 Italas
588 1548 730 1594 armis
753 1548 932 1607 tuteris,
954 1549 1160 1596 moribus
1184 1567 1339 1611 ornes,
1420 1577 1425 1579 <

294 1611 769 1675 Legibuser'nendes,
794 1613 842 1661 in
867 1615 1056 1677 publica
1080 1618 1327 1667 commoda
1350 1634 1564 1682 peccem,

220 1713 232 1731 s
295 1679 347 1725 Si
370 1679 512 1741 longo
535 1695 749 1727 sermone
774 1697 926 1729 morer
950 1691 1031 1729 tua
1054 1691 1281 1745 tempora,
1298 1684 1479 1733 *Caesan

359 1745 613 1804 Romulus,
638 1756 684 1793 et
708 1746 848 1794 Liber
872 1758 1020 1809 pater,
1045 1758 1092 1795 et
1115 1764 1224 1794 cum
1251 1749 1444 1798 Castore
1468 1751 1650 1815 Pollux,
1708 1760 1710 1762 “

292 1802 405 1859 Pos't
427 1812 640 1874 ingentia
664 1813 802 1872 faeta,
827 1814 1022 1860 deorum
1047 1815 1095 1860 in
1122 1817 1296 1878 templa
1319 1819 1511 1880 recepti,

1794 1810 1795 1813 Ἴ
1836 1757 1869 1805 5

291 1867 418 1924 Dum
444 1887 589 1925 terras
615 1879 951 1941 hominumque
977 1880 1139 1928 colunt
1161 1898 1328 1944 genuS,
1354 1899 1517 1946 aspera
1540 1885 1665 1953 bella¹

290 1943 619 2006 Componunt,
637 1961 772 2007 agros
795 1947 1052 2008 assignant,
1076 1948 1247 2010 oppida
1271 1951 1520 2012 condunt„

290 2009 540 2057 Ploravere
565 2012 662 2057 suis
687 2028 782 2058 non
807 2013 1090 2074 respondere
1116 2014 1316 2061 favorem
1518 2071 1522 2078 ἦ

292 2076 541 2137 Speratum
566 2077 760 2124 meritis.
831 2077 994 2124 Diram
1020 2079 1099 2140 qui
1125 2081 1341 2128 contudit
1365 2082 1587 2145 hydram„

289 2141 514 2204 Notaque
540 2143 665 2189 fatali
690 2150 903 2204 portenta
927 2145 1085 2192 labore
1109 2147 1310 2208 subegit,

289 2207 532 2270 Comperit
555 2209 779 2255 invidiam
804 2225 1022 2272 supremo
1046 2211 1139 2257 fine
1163 2212 1356 2260 domari.

288 2273 394 2320 Urit
416 2274 543 2320 enim
570 2275 747 2336 fulgore
773 2291 873 2334 suo,
898 2276 1259 2339 quipraegravat
1283 2289 1406 2326 artes

287 2338 420 2386 Infra
443 2356 492 2386 se
516 2341 715 2402 positas:
753 2342 1012 2389 exstinctus
1037 2344 1268 2391 amabitur
1293 2346 1432 2393 idem.

281 2404 513 2452 -Praesenti
539 2407 622 2453 tibi
646 2416 851 2454 maturos
877 2407 1099 2471 largimur
1127 2410 1340 2470 honores,

286 2469 317 2517 J
323 2472 771 2534 urandasquetuum
796 2490 878 2536 per
902 2491 1074 2522 nomen
1100 2477 1317 2538 ponimus
1341 2476 1460 2538 aras,

285 2535 370 2583 Nil
395 2539 621 2584 oriturum
649 2537 779 2597 alias,
805 2540 869 2586 nil
894 2550 1046 2587 ortum
1072 2542 1164 2588 tale
1190 2543 1401 2590 fatentes.
1460 2574 1462 2579 f

287 2602 383 2649 Sed
408 2612 514 2649 tuus
539 2605 616 2650 hic
640 2606 854 2666 populus,
879 2606 1076 2669 sapiens
1091 2617 1138 2655 et
1155 2607 1382 2670 justus-in
1407 2625 1518 2671 uno,

285 2667 361 2714 Te
387 2670 556 2716 nostris
583 2671 798 2730 ducibus,
823 2682 868 2718 te
891 2671 1047 2718 Graiis
1071 2672 1390 2734 anteferendo,
1445 2712 1447 2714 .

285 2733 471 2781 Caetera
495 2736 791 2798 nequaquam
816 2738 955 2785 simili
980 2739 1159 2786 ratione
1184 2741 1414 2801 modoque

285 2798 534 2857 AEstimat;
572 2812 633 2860 et,
660 2803 749 2848 nisi
773 2820 875 2864 quae
899 2804 1034 2851 terris
1058 2813 1235 2852 semota
1259 2805 1448 2867 suisque

260 2863 602 2926 ·Temporibus
627 2868 852 2916 defuncta
875 2870 1027 2929 videt,·
1042 2869 1215 2917 fastidit
1238 2880 1285 2919 et
1308 2871 1434 2920 odit:

284 2930 368 2978 Sic
392 2930 541 2978 fautor
567 2942 790 2992 veterum,
815 2943 866 2981 ut
890 2936 1072 2982 tabulas
1095 2950 1292 2999 peccare
1317 2947 1542 2999 vetantes,
1572 2979 1582 2989 ,,

283 2995 422 3047 Quas
448 2996 518 3043 bis
542 2998 746 3059 quinque
770 3000 856 3046 viri
880 3011 1151 3060 sanxerunt,
1178 3002 1540 3068 foederaregum

284 3062 374 3109 Vel
399 3062 563 3110 Gabiis
588 3064 657 3109 vel
682 3081 790 3111 eum
816 3066 978 3128 rigidis
1003 3076 1182 3128 aequata
1207 3069 1412 3130 Sabinis,

283 3126 565 3176 Pontificum
592 3128 749 3188 libros,
775 3147 953 3179 annosa
976 3133 1212 3180 volumina
1236 3144 1410 3197 vatum,

284 3192 485 3241 Dictitet
508 3195 698 3243 Albano
722 3195 886 3244 Musas
910 3197 958 3245 in
983 3209 1142 3247 monte
1166 3199 1360 3248 locutas.

1807 2087 1867 2136 10

1726 2387 1864 2464 '15

1790 3070 1860 3121 25

1909 3150 1936 3450 &maffrJM
1918 3071 1936 3139 ’.ι’-Εἰ
1918 2937 1936 3063 ‚faama-:Q
1931 2915 1936 2926 -
1928 2878 1936 2903 -2
