1936 3450
157 276 252 329 176
687 278 739 326 Q.
770 277 1012 320 HORATII
1040 257 1247 321 FLAcci

899 368 908 386 Ι

219 397 328 446 Nec
351 396 502 462 magIS
519 400 727 461 expressi
749 399 904 447 vultus
925 416 1010 463 per
1028 403 1180 448 aenea
1202 396 1340 463 signa

219 463 383 516 Quam
409 481 490 528 per
514 466 630 512 vatis
652 482 771 528 opus
788 482 941 513 mores
965 467 1202 529 animique
1220 467 1424 514 virorum
1726 502 1734 510 .

221 532 467 578 Clarorum
496 541 733 594 apparent.
803 531 912 578 Nec
936 548 1177 579 sermones
1197 533 1498 596 egomailem
1694 532 1794 583 250

221 597 468 660 Repentes
490 614 572 660 per
597 598 809 658 humum,
834 597 975 660 quam
998 614 1074 645 res
1099 614 1380 662 componere
1403 608 1575 662 gestae,
1634 617 1635 621 ¹

222 663 572 725 Terrarumque
596 664 712 710 situs
735 673 782 710 et
805 663 1000 711 flumina
1023 665 1197 724 dicere,
1222 675 1270 712 et
1293 680 1426 712 arces

216 727 466 777 Montibus
490 730 746 792 impositaS‚
770 739 818 776 et
842 731 1039 776 barbara
1061 746 1223 794 regna,
1244 732 1434 793 ,tuisque

223 796 463 858 Auspiciis
487 805 635 842 totum
659 796 877 843 confecta
901 796 1056 842 duella
1078 813 1161 859 per
1184 797 1363 856 orbem,

222 862 530 923 Claustraque
555 863 798 908 custodem
821 862 953 923 pacis
977 863 1249 910 cohibentia
1272 862 1465 923 Janum,
1589 923 1591 925 ι
1694 863 1794 917 255

220 927 283 974 Et
307 928 602 974 formidatam
628 928 812 974 Parthis
834 937 881 974 te
904 929 1115 991 principe
1141 929 1374 987 Romam3
1727 924 1730 927 Δ

222 994 290 1052 Si,
315 1003 542 1055 quantum
566 1007 805 1056 cuperem,
829 996 1014 1056 possem
1037 1011 1248 1056 quoque:
1285 996 1368 1041 sed
1393 991 1545 1057 neque
1566 1011 1760 1058 par-vum

220 1059 427 1106 Carmen
451 1060 668 1122 majestas
692 1060 857 1122 recipit
880 1069 974 1118 tua,
1000 1075 1090 1107 nec
1114 1067 1246 1108 meus
1271 1062 1413 1111 audet

218 1126 344 1174 Rem
370 1135 549 1173 tentare
573 1127 737 1189 pudor,
761 1142 899 1188 quam
920 1127 1043 1173 'vires
1068 1128 1185 1174 ferre
1209 1137 1442 1175 recusent.

221 1193 458 1239 Sedulitas
483 1201 655 1250 autem,
681 1192 818 1239 stulte
845 1208 981 1254 quem
1008 1193 1174 1255 diligit,
1200 1194 1367 1257 urget,‘'
1695 1194 1793 1242 260

219 1257 464 1321 Praecipue
490 1275 633 1320 quum
658 1275 708 1305 se
732 1259 940 1304 numeris
965 1261 1265 1321 commendat
1287 1269 1334 1306 et
1358 1269 1455 1307 arte
1476 1277 1485 1306 :

218 1324 372 1372 Discit
395 1326 522 1371 enim
547 1323 687 1371 citius
712 1321 1015 1386 meminitque
1040 1324 1262 1375 libentius
1284 1324 1401 1380 illud
1528 1386 1532 1387 ⁷

217 1391 363 1441 Quod
387 1391 490 1453 quis
514 1391 710 1449 deridet,
736 1388 875 1451 quam
901 1391 1023 1452 quod
1047 1392 1212 1453 probat
1235 1401 1281 1438 et
1307 1400 1571 1438 veneratur:

218 1456 302 1503 Nil
328 1473 481 1504 moror
505 1457 710 1511 officium
735 1457 857 1518 quod
883 1474 957 1503 me
982 1466 1169 1519 gravat:
1207 1474 1263 1504 ac
1286 1474 1439 1521 neque
1463 1458 1574 1507 ficto

218 1522 276 1571 In
300 1524 432 1586 pejus
457 1523 584 1569 vultu
606 1523 800 1585 proponi
824 1539 988 1570 cereus
1013 1539 1223 1585 usquam,
1694 1523 1793 1572 265

217 1589 325 1636 Nec
349 1587 490 1652 prave
517 1589 651 1635 factis
675 1590 887 1635 decorari
907 1590 1121 1651 versibus
1137 1599 1246 1652 opto
1265 1596 1293 1647 ;’

217 1654 296 1702 Ne
320 1656 510 1702 rubeam
535 1655 698 1717 pingui
724 1655 922 1702 donatus
945 1671 1157 1716 munere,
1183 1665 1229 1703 et
1249 1656 1348 1702 una

218 1721 343 1768 Cum
369 1722 592 1783 scriptore
617 1736 737 1779 meo,
763 1723 904 1783 capsa
923 1731 1171 1783 porrectus
1196 1722 1374 1784 aperta,

218 1786 415 1835 Deferar
439 1787 487 1834 in
511 1788 667 1834 vicum
693 1788 975 1834 vendentem
999 1789 1107 1835 thus
1131 1797 1177 1836 et
1199 1789 1382 1847 odoreS,

218 1851 280 1901 Et
301 1854 449 1916 piper,
474 1862 521 1901 et
543 1853 768 1916 quidquid
793 1854 967 1900 chartis
988 1855 1204 1901 amicitur
1228 1854 1412 1917 ineptis„
1694 1847 1805 1903 270'

730 2087 735 2094 ²
761 2117 1107 2165 EPISTOLA‘
1123 2117 1191 2165 11.

697 2231 763 2265 AD
796 2233 815 2263 J
822 2230 978 2265 ULIUM
1012 2233 1223 2265 FLORUM.

221 2315 409 2377 FLORE,
433 2317 558 2364 bono
581 2316 799 2379 claroque
824 2316 974 2364 fidelis
998 2317 1149 2364 amice
1174 2316 1372 2383 Neroni,

221 2385 271 2431 Si
296 2384 399 2446 quis
424 2382 540 2431 forte
561 2383 669 2430 velit
691 2397 887 2445 puerum
911 2382 996 2430 tibi
1020 2383 1239 2442 vendere,
1264 2392 1428 2430 natum

217 2450 400 2497 Tibure
424 2450 493 2496 vel
518 2449 698 2508 Gabiis,
717 2458 763 2496 et
787 2458 943 2496 tecum
969 2450 1037 2495 sic
1061 2458 1194 2512 agat:
1231 2453 1260 2474 “
1279 2449 1391 2510 Hic,
1416 2460 1487 2514 et-

218 2516 463 2563 Candidus
486 2525 533 2562 et
555 2515 673 2563 talos
697 2531 724 2562 a
747 2516 921 2565 vertice
944 2515 1141 2578 pulcher
1165 2516 1382 2575 adimos,

217 2581 323 2628 Fiet
346 2581 523 2643 eritque
547 2590 654 2627 tuus
677 2597 977 2629 nummorum
1001 2581 1206 2628 millibus
1228 2590 1350 2641 octo,
1455 2638 1459 2644 Ι
1754 2584 1788 2631 5

217 2647 378 2694 Verna
403 2647 675 2694 ministeriis
699 2647 758 2694 ad
783 2656 924 2694 nutus
949 2657 1082 2709 aptus
1107 2647 1292 2706 heriles,

216 2711 456 2759 Litterulis
474 2713 655 2759 Graecis
678 2713 901 2771 imbutus,
921 2713 1118 2771 idoneus
1142 2713 1228 2759 arti

216 2777 450 2834 Cuilibet3
487 2778 649 2840 argilla
672 2779 863 2840 quidvis*
880 2777 1134 2825 imitaberis
1157 2778 1279 2824 uda:

214 2843 351 2894 Quin
375 2843 516 2889 etiam
540 2854 678 2891 canet
701 2842 960 2903 indoctum,
985 2845 1067 2899 sed
1086 2841 1244 2902 dulce,
1270 2843 1466 2905 bibenti.

217 2907 372 2955 Multa
394 2908 535 2954 fidem
554 2910 780 2970 promissa
803 2909 974 2969 levant,
999 2909 1078 2958 ubi
1102 2907 1286 2971 plenius
1311 2924 1443 2971 aequo
1619 2967 1623 2972 ,
1724 2912 1785 2960 10

149 2973 158 2983 “
217 2973 403 3021 Laudat
425 2974 628 3033 venaleS,
653 2975 732 3035 qui
755 2976 851 3021 vult
874 2976 1136 3034 extrudere,
1162 2989 1355 3022 merces.

217 3040 320 3086 Res
343 3047 478 3102 urget
500 3055 575 3086 me
600 3040 744 3099 nulla,
768 3056 874 3087 meo
898 3056 1000 3086 sum
1025 3056 1199 3102 pauper
1225 3040 1272 3086 in
1298 3057 1388 3087 aere
1408 3057 1417 3087 ε

217 3104 373 3152 Nemo
397 3106 486 3153 hoc
509 3121 795 3167 mangonum
821 3106 996 3152 faceret
1017 3105 1102 3152 tibi
1123 3122 1132 3151 ε
1170 3121 1263 3152 non
1287 3104 1465 3154 temere
1491 3122 1523 3154 a
1541 3122 1618 3155 me

216 3170 389 3221 Quivis
413 3171 551 3218 ferret
574 3170 726 3217 idem:
763 3171 905 3217 semel
930 3171 1008 3217 hic
1031 3171 1246 3229 cessavit,
1270 3180 1333 3231 et,
1357 3180 1410 3220 ut
1431 3172 1498 3233 fit,

218 3234 277 3283 In
299 3237 436 3284 scalis
460 3235 593 3284 latuit
615 3245 830 3284 metuens
851 3237 1099 3299 pendentis
1122 3237 1331 3284 habenae.
1690 3242 1692 3247 '
1723 3237 1783 3286 15
