1936 3450
583 274 991 317 EPISTOLARUM
1018 274 1127 314 LIB.
1158 274 1192 314 1.
1221 275 1258 314 2.
1641 273 1733 324 147

698 425 1035 507 EPISToLA
1069 457 1136 506 Π.

729 531 731 535 V
758 574 824 606 AD
850 546 1066 631 LOLPIUM

166 660 391 710 Tnoum
416 659 526 706 belli
550 659 840 721 scriptorem,
863 657 1066 704 maxime
1089 656 1227 716 Lolli,

165 727 295 775 Dum
318 735 369 773 tu
393 725 630 774 declamas
654 724 840 783 Romae,
864 722 1101 770 Praeneste
1124 723 1268 786 relegi
1288 739 1301 780 ;

163 794 284 853 Qui,
306 792 417 855 quid
436 791 495 838 sit
510 791 777 854 pulchrum,
802 789 915 851 quid
937 798 1088 850 turpe,
1111 789 1222 850 quid
1248 788 1378 848 utile,
1401 789 1514 851 quid
1537 806 1651 851 non,

164 857 359 908 Planius
383 873 439 904 ac
463 856 630 903 melius
654 856 916 917 Chrysippo
938 864 985 901 et
1008 854 1238 901 Crantore
1262 855 1390 903 dicit.

166 926 264 973 Cur
288 925 352 971 ita
374 923 671 979 crediderim,
696 922 787 968 nisi
809 921 921 983 quid
943 930 989 966 te
1013 920 1206 979 detinet,
1233 921 1357 967 audi.
1702 923 1734 970 5

229 989 427 1047 Fabula,
451 990 542 1050 qua
567 988 748 1034 Paridis
769 996 954 1049 propter
977 995 1190 1032 narratur
1213 1002 1418 1034 amorem

163 1057 350 1105 Graecia
372 1055 596 1101 barbariae
619 1054 747 1100 lento
769 1052 929 1099 collisa
952 1051 1123 1110 duello,
1192 1048 1196 1054 ’

166 1123 424 1171 Stultorum
446 1136 611 1183 regum
634 1128 681 1166 et
704 1118 980 1181 populorum
1005 1117 1216 1165 continet
1240 1122 1392 1165 aestus.

165 1190 381 1236 Antenor
404 1195 566 1233 censet
585 1185 694 1232 belli
716 1184 971 1247 praecidere
994 1199 1198 1230 causam.

162 1249 297 1306 Quid
322 1252 490 1300 Paris?
525 1261 576 1299 ut
599 1251 752 1297 salvus
774 1259 939 1312 regnet
960 1249 1171 1311 vivatque
1194 1250 1374 1309 beatus,
1673 1250 1734 1298 10

164 1321 285 1383 Cogi
308 1334 443 1382 posse
466 1326 620 1380 negat.
689 1317 862 1363 Nestor
886 1331 1167 1377 componere
1190 1316 1293 1362 lites

164 1387 294 1448 Inter
319 1385 513 1432 Peliden
537 1383 723 1430 festinat
745 1392 792 1429 et
816 1383 936 1429 inter
959 1381 1189 1428 Atriden:

164 1453 310 1507 Hunc
335 1467 478 1509 amor,
502 1450 570 1496 ira
592 1450 780 1510 quidem
804 1448 1114 1496 communiter
1138 1447 1230 1494 urit
1253 1456 1514 1509 utrumque.

162 1517 411 1579 Quidquid
435 1515 634 1561 delirant
656 1531 807 1576 reges,
830 1514 1100 1576 plectuntur
1124 1513 1311 1560 Achivi.

165 1583 422 1641 Seditione,
447 1581 579 1639 dolis,
604 1581 797 1639 scelere,
822 1589 959 1641 atque
981 1578 1176 1626 libidine
1200 1589 1247 1626 et
1270 1579 1356 1638 ira,
1395 1628 1397 1630 ,
1673 1580 1734 1627 15

164 1650 334 1698 Iliacos
358 1649 478 1694 intra
500 1663 656 1693 muros
678 1655 900 1708 peccatur
923 1654 970 1691 et
992 1654 1134 1691 extra.

230 1716 431 1772 Rursus,
455 1713 566 1774 quid
590 1712 734 1758 virtus
758 1720 805 1757 et
829 1711 940 1772 quid
964 1710 1191 1772 sapientia
1212 1711 1372 1772 possit,

162 1781 287 1830 Utile
311 1779 547 1843 proposuit
569 1778 706 1824 nobis
725 1777 962 1838 exemplar
985 1775 1226 1837 Ulyssem;
1293 1810 1299 1816 .

161 1847 281 1905 Qui,
305 1846 502 1893 domitor
527 1843 702 1905 Trojae,
727 1842 980 1889 multorum
1002 1842 1221 1904 providus
1245 1841 1383 1887 urbes

165 1913 227 1961 Et
250 1927 403 1960 mores
428 1909 669 1957 hominum
693 1908 895 1970 inspexit
909 1924 920 1964 ;
957 1907 1192 1968 latumque
1216 1923 1299 1969 per
1324 1922 1494 1968 aequor,
1666 1907 1732 1956 20

164 1979 291 2026 Dum
316 1977 420 2036 sibi,
440 1977 550 2023 dum
571 1974 711 2021 sociis
734 1973 934 2020 reditum
959 1981 1105 2035 parat,
1130 1989 1293 2035 aspera
1315 1973 1463 2030 multa

162 2043 375 2102 Pertulit,
400 2042 603 2090 adversis
626 2055 780 2087 rerum
805 2038 1130 2086 immersabilis
1154 2039 1306 2086 undis,

164 2111 384 2158 Sirenum
410 2123 546 2155 voces
568 2116 616 2153 et
639 2106 793 2152 Circae
816 2105 984 2167 pocula
1009 2103 1160 2161 nosti;

161 2177 287 2227 Quae
311 2175 350 2222 si
373 2190 483 2220 cum
507 2173 647 2220 sociis
670 2172 840 2219 stultus
863 2171 1152 2233 cupidusque
1177 2170 1385 2229 bibisset,

165 2243 264 2290 Sub
287 2240 478 2288 domina
500 2238 746 2285 meretrice
771 2237 932 2284 fuisset
953 2237 1100 2298 turpis
1122 2245 1170 2283 et
1191 2253 1372 2294 excors,
1456 2259 1463 2268 ·
1665 2235 1733 2284 25

149 2307 370 2355 ‘Vixisset
392 2305 523 2352 canis
547 2304 833 2362 immundus,
860 2303 930 2349 vel
955 2303 1107 2349 amica
1129 2302 1227 2349 luto
1244 2318 1337 2348 sus.

229 2372 331 2419 Nos
355 2372 578 2418 numerus
601 2385 778 2427 sumuS,
802 2378 850 2415 et
873 2369 1029 2431 fruges
1052 2384 1328 2415 consumere
1352 2368 1467 2427 nati,

164 2439 334 2501 Sponsi
359 2436 620 2497 Penelopae,
645 2435 919 2493 nebulones,
947 2434 1229 2495 Alcinoique

163 2503 221 2550 In
240 2514 348 2550 cute
372 2501 580 2549 curanda
603 2501 707 2563 plus
731 2516 861 2561 aequo
882 2509 1072 2560 operata
1088 2500 1309 2561 juventus
1327 2515 1338 2554 3

164 2569 256 2617 Cui
279 2569 526 2631 pulchrum
552 2566 637 2612 fuit
659 2566 708 2612 in
733 2565 912 2612 medios
935 2565 1137 2611 dormire
1162 2564 1278 2621 dies,
1302 2574 1350 2610 et
1665 2564 1731 2620 30

164 2635 243 2682 Ad
267 2635 507 2696 strepitum
532 2632 722 2678 citharae
746 2640 979 2678 cessatum
1003 2631 1175 2676 ducere
1200 2645 1376 2675 curam.

166 2700 228 2747 Ut
246 2700 462 2762 jugulent
487 2698 741 2757 hominem,
768 2705 966 2759 surgunt
989 2696 1047 2742 de
1072 2703 1209 2742 nocte
1232 2695 1436 2742 latrones
1456 2711 1467 2742 ε

163 2765 229 2812 Ut
249 2766 449 2827 teipsum
473 2779 643 2822 serveS,
668 2778 762 2809 non
786 2760 1155 2824 expergisceris?
1193 2760 1339 2822 Atqui

166 2830 218 2877 Si
242 2830 373 2877 noles
396 2845 553 2888 sanuS,
578 2844 737 2875 curres
761 2827 1070 2890 hydropicus:
1106 2836 1169 2885 et,
1193 2826 1242 2873 ni

166 2895 339 2942 Posces
362 2905 469 2942 ante
493 2894 618 2940 diem
642 2894 811 2941 librum
830 2909 939 2940 cum
963 2892 1156 2950 lumine,
1180 2891 1220 2938 si
1243 2907 1338 2939 non
1666 2892 1730 2939 35

166 2960 392 3023 Intendes
415 2960 623 3006 animum
646 2960 811 3006 studiis
834 2968 881 3005 et
903 2959 1042 3005 rebus
1067 2958 1272 3005 honestis
1286 2973 1298 3014 ;

167 3025 351 3071 Invidia
375 3025 444 3071 vel
469 3041 624 3071 amore
648 3025 757 3087 vigil
781 3024 1067 3086 torquebere.
1136 3022 1262 3070 Nam
1285 3038 1386 3080 cur,

165 3090 291 3140 Quae
315 3091 491 3136 laedunt
506 3090 712 3150 oculum,
740 3090 931 3137 festinas
955 3090 1172 3146 demere;
1209 3089 1247 3135 si
1270 3088 1382 3150 quid

167 3155 253 3202 Est
275 3156 500 3214 animum,
525 3154 683 3202 differs
706 3155 901 3202 curandi
925 3159 1108 3217 ternpus
1132 3155 1180 3202 in
1205 3154 1416 3201 annum?

167 3220 427 3268 Dimidium
451 3220 577 3280 sacti,
599 3220 678 3282 qui
702 3221 859 3284 ooepit,
882 3221 1052 3268 habet:
1087 3235 1249 3283 sapere
1273 3219 1394 3266 aude
1413 3235 1425 3276 ;
1667 3215 1732 3263 40
