<?xml version="1.0" encoding="UTF-8"?>
<!DOCTYPE html PUBLIC "-//W3C//DTD XHTML 1.0 Transitional//EN"
    "http://www.w3.org/TR/xhtml1/DTD/xhtml1-transitional.dtd">
<html xmlns="http://www.w3.org/1999/xhtml" xml:lang="en" lang="en">
 <head>
  <title>
</title>
<meta http-equiv="Content-Type" content="text/html;charset=utf-8" />
  <meta name='ocr-system' content='tesseract 3.04.00' />
  <meta name='ocr-capabilities' content='ocr_page ocr_carea ocr_par ocr_line ocrx_word'/>
</head>
<body>
  <div class='ocr_page' id='page_1' title='image "./operaacceduntcla00horauoft_0044.png"; bbox 0 0 1976 3432; ppageno 0'>
   <div class='ocr_carea' id='block_1_1' title="bbox 719 229 1278 271">
    <p class='ocr_par' dir='ltr' id='par_1_1' title="bbox 719 229 1278 271">
     <span class='ocr_line' id='line_1_1' title="bbox 719 229 1278 271; baseline 0.002 -2"><span class='ocrx_word' id='word_1_1' title='bbox 719 229 1052 271; x_wconf 83' lang='lat' dir='ltr'><strong>CARMINUM</strong></span> <span class='ocrx_word' id='word_1_2' title='bbox 1081 229 1190 270; x_wconf 91' lang='lat' dir='ltr'><strong>LIB.</strong></span> <span class='ocrx_word' id='word_1_3' title='bbox 1220 229 1278 271; x_wconf 90' lang='lat'>11.</span> 
     </span>
    </p>
   </div>
   <div class='ocr_carea' id='block_1_2' title="bbox 442 347 1352 744">
    <p class='ocr_par' dir='ltr' id='par_1_2' title="bbox 442 347 1352 744">
     <span class='ocr_line' id='line_1_2' title="bbox 509 347 1236 411; baseline 0.004 -16"><span class='ocrx_word' id='word_1_4' title='bbox 509 347 690 411; x_wconf 68' lang='lat' dir='ltr'>Pugnae</span> <span class='ocrx_word' id='word_1_5' title='bbox 715 348 936 397; x_wconf 85' lang='lat' dir='ltr'>ferebaris</span> <span class='ocrx_word' id='word_1_6' title='bbox 957 366 967 397; x_wconf 91' lang='lat'>:</span> <span class='ocrx_word' id='word_1_7' title='bbox 1003 351 1086 398; x_wconf 90' lang='lat' dir='ltr'>sed</span> <span class='ocrx_word' id='word_1_8' title='bbox 1110 350 1236 398; x_wconf 89' lang='lat' dir='ltr'>idem</span> 
     </span>
     <span class='ocr_line' id='line_1_3' title="bbox 574 413 1282 479; baseline 0.006 -18"><span class='ocrx_word' id='word_1_9' title='bbox 574 413 711 461; x_wconf 82' lang='lat' dir='ltr'><strong>Pacis</strong></span> <span class='ocrx_word' id='word_1_10' title='bbox 733 431 837 462; x_wconf 87' lang='lat' dir='ltr'>eras</span> <span class='ocrx_word' id='word_1_11' title='bbox 860 416 1133 479; x_wconf 85' lang='lat' dir='ltr'>mediusque</span> <span class='ocrx_word' id='word_1_12' title='bbox 1156 416 1282 466; x_wconf 84' lang='lat' dir='ltr'>belli.</span> 
     </span>
     <span class='ocr_line' id='line_1_4' title="bbox 443 478 1268 531; baseline 0.005 -5"><span class='ocrx_word' id='word_1_13' title='bbox 443 478 520 527; x_wconf 89' lang='lat' dir='ltr'>Te</span> <span class='ocrx_word' id='word_1_14' title='bbox 543 480 658 529; x_wconf 88' lang='lat' dir='ltr'>vidit</span> <span class='ocrx_word' id='word_1_15' title='bbox 680 481 842 528; x_wconf 86' lang='lat' dir='ltr'>insons</span> <span class='ocrx_word' id='word_1_16' title='bbox 866 482 1100 530; x_wconf 85' lang='lat' dir='ltr'><strong>Cerberus</strong></span> <span class='ocrx_word' id='word_1_17' title='bbox 1124 498 1268 531; x_wconf 86' lang='lat' dir='ltr'>aureo</span> 
     </span>
     <span class='ocr_line' id='line_1_5' title="bbox 442 545 1288 607; baseline 0.001 -13"><span class='ocrx_word' id='word_1_18' title='bbox 442 545 604 594; x_wconf 88' lang='lat' dir='ltr'>Cornu</span> <span class='ocrx_word' id='word_1_19' title='bbox 628 547 868 607; x_wconf 90' lang='lat' dir='ltr'>decorum,</span> <span class='ocrx_word' id='word_1_20' title='bbox 892 548 1059 597; x_wconf 88' lang='lat' dir='ltr'>leniter</span> <span class='ocrx_word' id='word_1_21' title='bbox 1083 558 1288 597; x_wconf 88' lang='lat' dir='ltr'>atterens</span> 
     </span>
     <span class='ocr_line' id='line_1_6' title="bbox 506 611 1352 678; baseline 0.002 -18"><span class='ocrx_word' id='word_1_22' title='bbox 506 611 748 670; x_wconf 85' lang='lat' dir='ltr'>Caudam;</span> <span class='ocrx_word' id='word_1_23' title='bbox 783 623 831 661; x_wconf 91' lang='lat' dir='ltr'>et</span> <span class='ocrx_word' id='word_1_24' title='bbox 853 615 1117 662; x_wconf 88' lang='lat' dir='ltr'>recedentis</span> <span class='ocrx_word' id='word_1_25' title='bbox 1140 613 1352 678; x_wconf 85' lang='lat' dir='ltr'>trilingui</span> 
     </span>
     <span class='ocr_line' id='line_1_7' title="bbox 570 677 1276 744; baseline 0.004 -19"><span class='ocrx_word' id='word_1_26' title='bbox 570 677 668 726; x_wconf 92' lang='lat' dir='ltr'>Ore</span> <span class='ocrx_word' id='word_1_27' title='bbox 691 679 837 742; x_wconf 91' lang='lat' dir='ltr'>pedes</span> <span class='ocrx_word' id='word_1_28' title='bbox 859 681 1102 744; x_wconf 84' lang='lat' dir='ltr'>tetigitque</span> <span class='ocrx_word' id='word_1_29' title='bbox 1125 697 1276 728; x_wconf 86' lang='lat' dir='ltr'>crura.</span> 
     </span>
    </p>
   </div>
   <div class='ocr_carea' id='block_1_3' title="bbox 768 836 1050 844">
    <p class='ocr_par' dir='ltr' id='par_1_3' title="bbox 768 836 1050 844">
     <span class='ocr_line' id='line_1_8' title="bbox 768 836 1050 844; baseline 0 2588"><span class='ocrx_word' id='word_1_30' title='bbox 768 836 1050 844; x_wconf 95' lang='lat' dir='ltr'> </span> 
     </span>
    </p>
   </div>
   <div class='ocr_carea' id='block_1_4' title="bbox 1052 836 1243 845">
    <p class='ocr_par' dir='ltr' id='par_1_4' title="bbox 1052 836 1243 845">
     <span class='ocr_line' id='line_1_9' title="bbox 1052 836 1243 845; baseline 0.005 -2"><span class='ocrx_word' id='word_1_31' title='bbox 1052 836 1243 845; x_wconf 58' lang='grc' dir='ltr'><strong>ψ</strong></span> 
     </span>
    </p>
   </div>
   <div class='ocr_carea' id='block_1_5' title="bbox 833 928 1165 991">
    <p class='ocr_par' dir='ltr' id='par_1_5' title="bbox 833 928 1165 991">
     <span class='ocr_line' id='line_1_10' title="bbox 833 928 1165 991; baseline 0.009 -3"><span class='ocrx_word' id='word_1_32' title='bbox 833 928 973 989; x_wconf 82' lang='grc' dir='ltr'>ΟΒΕ</span> <span class='ocrx_word' id='word_1_33' title='bbox 996 940 1165 991; x_wconf 91' lang='lat' dir='ltr'>XVII.</span> 
     </span>
    </p>
   </div>
   <div class='ocr_carea' id='block_1_6' title="bbox 777 1056 1211 1090">
    <p class='ocr_par' dir='ltr' id='par_1_6' title="bbox 777 1056 1211 1090">
     <span class='ocr_line' id='line_1_11' title="bbox 777 1056 1211 1090; baseline 0.007 -3"><span class='ocrx_word' id='word_1_34' title='bbox 777 1056 844 1088; x_wconf 76' lang='lat' dir='ltr'>AD</span> <span class='ocrx_word' id='word_1_35' title='bbox 867 1056 1211 1090; x_wconf 77' lang='lat' dir='ltr'><strong>MAECENATEM.</strong></span> 
     </span>
    </p>
   </div>
   <div class='ocr_carea' id='block_1_7' title="bbox 377 1139 1513 2728">
    <p class='ocr_par' dir='ltr' id='par_1_7' title="bbox 377 1139 1513 2728">
     <span class='ocr_line' id='line_1_12' title="bbox 439 1139 1196 1200; baseline 0.001 -12"><span class='ocrx_word' id='word_1_36' title='bbox 439 1140 489 1188; x_wconf 97' lang='lat' dir='ltr'>N</span> <span class='ocrx_word' id='word_1_37' title='bbox 494 1156 561 1188; x_wconf 84' lang='grc' dir='ltr'>οΝ</span> <span class='ocrx_word' id='word_1_38' title='bbox 584 1139 772 1200; x_wconf 63' lang='lat' dir='ltr'>usitata,</span> <span class='ocrx_word' id='word_1_39' title='bbox 798 1157 895 1188; x_wconf 90' lang='lat' dir='ltr'>non</span> <span class='ocrx_word' id='word_1_40' title='bbox 918 1141 1051 1188; x_wconf 89' lang='lat' dir='ltr'>tenui</span> <span class='ocrx_word' id='word_1_41' title='bbox 1076 1141 1196 1189; x_wconf 83' lang='lat' dir='ltr'>ferar</span> 
     </span>
     <span class='ocr_line' id='line_1_13' title="bbox 439 1206 1396 1269; baseline 0.002 -14"><span class='ocrx_word' id='word_1_42' title='bbox 439 1207 607 1255; x_wconf 69' lang='lat' dir='ltr'>Penna</span> <span class='ocrx_word' id='word_1_43' title='bbox 630 1206 840 1255; x_wconf 87' lang='lat' dir='ltr'>biformis</span> <span class='ocrx_word' id='word_1_44' title='bbox 862 1223 944 1269; x_wconf 88' lang='lat' dir='ltr'>per</span> <span class='ocrx_word' id='word_1_45' title='bbox 967 1207 1198 1269; x_wconf 87' lang='lat' dir='ltr'>liquidum</span> <span class='ocrx_word' id='word_1_46' title='bbox 1222 1209 1396 1257; x_wconf 82' lang='lat' dir='ltr'>aethera</span> 
     </span>
     <span class='ocr_line' id='line_1_14' title="bbox 503 1273 1332 1335; baseline 0.004 -15"><span class='ocrx_word' id='word_1_47' title='bbox 503 1273 673 1321; x_wconf 86' lang='lat' dir='ltr'>Vates:</span> <span class='ocrx_word' id='word_1_48' title='bbox 710 1285 862 1335; x_wconf 70' lang='lat' dir='ltr'>nequ‘e</span> <span class='ocrx_word' id='word_1_49' title='bbox 887 1273 937 1319; x_wconf 88' lang='lat' dir='ltr'>iu</span> <span class='ocrx_word' id='word_1_50' title='bbox 960 1273 1094 1320; x_wconf 83' lang='lat' dir='ltr'>terris</span> <span class='ocrx_word' id='word_1_51' title='bbox 1117 1275 1332 1323; x_wconf 86' lang='lat' dir='ltr'>morabor</span> 
     </span>
     <span class='ocr_line' id='line_1_15' title="bbox 570 1337 1282 1404; baseline 0.001 -17"><span class='ocrx_word' id='word_1_52' title='bbox 570 1337 810 1401; x_wconf 75' lang='lat' dir='ltr'>Longius:</span> <span class='ocrx_word' id='word_1_53' title='bbox 846 1339 1114 1403; x_wconf 65' lang='lat' dir='ltr'>invidiaque</span> <span class='ocrx_word' id='word_1_54' title='bbox 1137 1341 1282 1404; x_wconf 87' lang='lat' dir='ltr'>major</span> 
     </span>
     <span class='ocr_line' id='line_1_16' title="bbox 438 1404 1467 1470; baseline 0.001 -16"><span class='ocrx_word' id='word_1_55' title='bbox 438 1405 591 1455; x_wconf 89' lang='lat' dir='ltr'>Urbes</span> <span class='ocrx_word' id='word_1_56' title='bbox 614 1406 887 1468; x_wconf 83' lang='lat' dir='ltr'><strong>relinquam.</strong></span> <span class='ocrx_word' id='word_1_57' title='bbox 945 1404 1058 1452; x_wconf 90' lang='lat' dir='ltr'>Non</span> <span class='ocrx_word' id='word_1_58' title='bbox 1081 1421 1186 1469; x_wconf 87' lang='lat' dir='ltr'>ego,</span> <span class='ocrx_word' id='word_1_59' title='bbox 1210 1423 1467 1470; x_wconf 86' lang='lat' dir='ltr'>pauperum</span> 
     </span>
     <span class='ocr_line' id='line_1_17' title="bbox 441 1471 1513 1536; baseline 0.003 -16"><span class='ocrx_word' id='word_1_60' title='bbox 441 1471 648 1534; x_wconf 84' lang='lat' dir='ltr'>Sanguis</span> <span class='ocrx_word' id='word_1_61' title='bbox 669 1471 935 1535; x_wconf 72' lang='lat' dir='ltr'>parentum,</span> <span class='ocrx_word' id='word_1_62' title='bbox 960 1487 1055 1519; x_wconf 86' lang='lat' dir='ltr'>non</span> <span class='ocrx_word' id='word_1_63' title='bbox 1078 1488 1184 1536; x_wconf 85' lang='lat' dir='ltr'>ego,</span> <span class='ocrx_word' id='word_1_64' title='bbox 1207 1489 1348 1535; x_wconf 90' lang='lat' dir='ltr'>quem</span> <span class='ocrx_word' id='word_1_65' title='bbox 1371 1490 1513 1523; x_wconf 82' lang='lat' dir='ltr'>vocas</span> 
     </span>
     <span class='ocr_line' id='line_1_18' title="bbox 504 1537 1170 1599; baseline 0 -13"><span class='ocrx_word' id='word_1_66' title='bbox 504 1537 707 1598; x_wconf 91' lang='lat' dir='ltr'>Dilecte‚</span> <span class='ocrx_word' id='word_1_67' title='bbox 732 1537 991 1597; x_wconf 67' lang='lat' dir='ltr'>Maecenas,</span> <span class='ocrx_word' id='word_1_68' title='bbox 1015 1538 1170 1599; x_wconf 92' lang='lat' dir='ltr'>obibo,</span> 
     </span>
     <span class='ocr_line' id='line_1_19' title="bbox 583 1604 1328 1667; baseline 0.005 -16"><span class='ocrx_word' id='word_1_69' title='bbox 583 1604 633 1651; x_wconf 95' lang='grc' dir='ltr'><strong>Ν</strong></span> <span class='ocrx_word' id='word_1_70' title='bbox 635 1621 692 1652; x_wconf 88' lang='lat' dir='ltr'>ec</span> <span class='ocrx_word' id='word_1_71' title='bbox 716 1605 882 1667; x_wconf 66' lang='lat' dir='ltr'>Stygia</span> <span class='ocrx_word' id='word_1_72' title='bbox 905 1604 1159 1652; x_wconf 90' lang='lat' dir='ltr'>cohibebor</span> <span class='ocrx_word' id='word_1_73' title='bbox 1182 1605 1328 1655; x_wconf 67' lang='lat' dir='ltr'>unda.</span> 
     </span>
     <span class='ocr_line' id='line_1_20' title="bbox 440 1670 1339 1735; baseline 0.001 -17"><span class='ocrx_word' id='word_1_74' title='bbox 440 1670 470 1718; x_wconf 90' lang='lat' dir='ltr'><strong>J</strong></span> <span class='ocrx_word' id='word_1_75' title='bbox 475 1687 550 1718; x_wconf 86' lang='lat' dir='ltr'>am</span> <span class='ocrx_word' id='word_1_76' title='bbox 569 1670 666 1734; x_wconf 87' lang='lat' dir='ltr'>jam</span> <span class='ocrx_word' id='word_1_77' title='bbox 689 1671 903 1718; x_wconf 89' lang='lat' dir='ltr'>residunt</span> <span class='ocrx_word' id='word_1_78' title='bbox 925 1671 1140 1719; x_wconf 90' lang='lat' dir='ltr'>cruribus</span> <span class='ocrx_word' id='word_1_79' title='bbox 1163 1688 1339 1735; x_wconf 83' lang='lat' dir='ltr'>asperae</span> 
     </span>
     <span class='ocr_line' id='line_1_21' title="bbox 440 1737 1320 1785; baseline 0.001 -1"><span class='ocrx_word' id='word_1_80' title='bbox 440 1737 620 1784; x_wconf 86' lang='lat' dir='ltr'>Pelles:</span> <span class='ocrx_word' id='word_1_81' title='bbox 657 1746 705 1784; x_wconf 86' lang='lat' dir='ltr'>et</span> <span class='ocrx_word' id='word_1_82' title='bbox 728 1737 886 1784; x_wconf 79' lang='lat' dir='ltr'>album</span> <span class='ocrx_word' id='word_1_83' title='bbox 910 1746 1064 1784; x_wconf 88' lang='lat' dir='ltr'>mutor</span> <span class='ocrx_word' id='word_1_84' title='bbox 1087 1738 1137 1785; x_wconf 89' lang='lat' dir='ltr'>in</span> <span class='ocrx_word' id='word_1_85' title='bbox 1161 1738 1320 1785; x_wconf 86' lang='lat' dir='ltr'>alitem</span> 
     </span>
     <span class='ocr_line' id='line_1_22' title="bbox 507 1803 1274 1866; baseline 0.001 -16"><span class='ocrx_word' id='word_1_86' title='bbox 507 1804 751 1866; x_wconf 86' lang='lat' dir='ltr'>Superna:</span> <span class='ocrx_word' id='word_1_87' title='bbox 775 1812 1125 1866; x_wconf 87' lang='lat' dir='ltr'>nascunturque</span> <span class='ocrx_word' id='word_1_88' title='bbox 1147 1803 1274 1851; x_wconf 89' lang='lat' dir='ltr'>leves</span> 
     </span>
     <span class='ocr_line' id='line_1_23' title="bbox 571 1869 1398 1933; baseline 0.002 -17"><span class='ocrx_word' id='word_1_89' title='bbox 571 1869 661 1916; x_wconf 91' lang='lat' dir='ltr'>Per</span> <span class='ocrx_word' id='word_1_90' title='bbox 685 1870 855 1932; x_wconf 86' lang='lat' dir='ltr'>digitos</span> <span class='ocrx_word' id='word_1_91' title='bbox 877 1870 1190 1932; x_wconf 78' lang='lat' dir='ltr'>humerosque</span> <span class='ocrx_word' id='word_1_92' title='bbox 1212 1871 1398 1933; x_wconf 87' lang='lat' dir='ltr'>plumae.</span> 
     </span>
     <span class='ocr_line' id='line_1_24' title="bbox 438 1934 1106 2000; baseline 0 -17"><span class='ocrx_word' id='word_1_93' title='bbox 438 1935 546 1984; x_wconf 83' lang='lat' dir='ltr'>Jam</span> <span class='ocrx_word' id='word_1_94' title='bbox 570 1935 796 2000; x_wconf 86' lang='lat' dir='ltr'>Daedaleo</span> <span class='ocrx_word' id='word_1_95' title='bbox 818 1935 945 1983; x_wconf 93' lang='lat' dir='ltr'>ocior</span> <span class='ocrx_word' id='word_1_96' title='bbox 970 1934 1106 1983; x_wconf 84' lang='lat' dir='ltr'>Icaro</span> 
     </span>
     <span class='ocr_line' id='line_1_25' title="bbox 437 2001 1269 2064; baseline -0.001 -15"><span class='ocrx_word' id='word_1_97' title='bbox 437 2002 602 2050; x_wconf 86' lang='lat' dir='ltr'>Visam</span> <span class='ocrx_word' id='word_1_98' title='bbox 625 2002 858 2064; x_wconf 88' lang='lat' dir='ltr'>gementis</span> <span class='ocrx_word' id='word_1_99' title='bbox 881 2001 1035 2049; x_wconf 83' lang='lat' dir='ltr'>littora</span> <span class='ocrx_word' id='word_1_100' title='bbox 1057 2001 1269 2064; x_wconf 86' lang='lat' dir='ltr'>Bospori,</span> 
     </span>
     <span class='ocr_line' id='line_1_26' title="bbox 504 2068 1256 2131; baseline -0.001 -16"><span class='ocrx_word' id='word_1_101' title='bbox 504 2069 757 2131; x_wconf 88' lang='lat' dir='ltr'>Syrtesque</span> <span class='ocrx_word' id='word_1_102' title='bbox 780 2068 1004 2127; x_wconf 84' lang='lat' dir='ltr'>GaetulaS‚</span> <span class='ocrx_word' id='word_1_103' title='bbox 1028 2083 1229 2115; x_wconf 89' lang='lat' dir='ltr'>canorus</span> <span class='ocrx_word' id='word_1_104' title='bbox 1250 2084 1256 2091; x_wconf 90' lang='lat'><strong>·</strong></span> 
     </span>
     <span class='ocr_line' id='line_1_27' title="bbox 569 2135 1375 2197; baseline 0 -15"><span class='ocrx_word' id='word_1_105' title='bbox 569 2135 701 2194; x_wconf 91' lang='lat' dir='ltr'>Ales,</span> <span class='ocrx_word' id='word_1_106' title='bbox 727 2135 1148 2197; x_wconf 85' lang='lat' dir='ltr'>Hyperboreosque</span> <span class='ocrx_word' id='word_1_107' title='bbox 1172 2150 1375 2197; x_wconf 88' lang='lat' dir='ltr'>campos.</span> 
     </span>
     <span class='ocr_line' id='line_1_28' title="bbox 438 2199 1430 2263; baseline 0.002 -16"><span class='ocrx_word' id='word_1_108' title='bbox 438 2199 521 2248; x_wconf 93' lang='lat' dir='ltr'>Me</span> <span class='ocrx_word' id='word_1_109' title='bbox 545 2200 771 2260; x_wconf 88' lang='lat' dir='ltr'>Colchus,</span> <span class='ocrx_word' id='word_1_110' title='bbox 795 2210 843 2248; x_wconf 90' lang='lat' dir='ltr'>et</span> <span class='ocrx_word' id='word_1_111' title='bbox 865 2201 943 2263; x_wconf 93' lang='lat' dir='ltr'>qui</span> <span class='ocrx_word' id='word_1_112' title='bbox 967 2200 1228 2247; x_wconf 83' lang='lat' dir='ltr'>dissimulat</span> <span class='ocrx_word' id='word_1_113' title='bbox 1251 2211 1430 2249; x_wconf 90' lang='lat' dir='ltr'>metum</span> 
     </span>
     <span class='ocr_line' id='line_1_29' title="bbox 377 2265 1283 2325; baseline 0.001 -12"><span class='ocrx_word' id='word_1_114' title='bbox 377 2278 379 2281; x_wconf 88' lang='grc'><strong><em>·</em></strong></span> <span class='ocrx_word' id='word_1_115' title='bbox 440 2265 610 2314; x_wconf 82' lang='lat' dir='ltr'>Marsae</span> <span class='ocrx_word' id='word_1_116' title='bbox 634 2267 837 2314; x_wconf 86' lang='lat' dir='ltr'>cohortis</span> <span class='ocrx_word' id='word_1_117' title='bbox 861 2266 1038 2325; x_wconf 88' lang='lat' dir='ltr'>Dacus,</span> <span class='ocrx_word' id='word_1_118' title='bbox 1061 2276 1109 2314; x_wconf 91' lang='lat' dir='ltr'>et</span> <span class='ocrx_word' id='word_1_119' title='bbox 1131 2266 1283 2314; x_wconf 89' lang='lat' dir='ltr'>ultimi</span> 
     </span>
     <span class='ocr_line' id='line_1_30' title="bbox 502 2333 1245 2395; baseline -0.003 -14"><span class='ocrx_word' id='word_1_120' title='bbox 502 2333 719 2381; x_wconf 90' lang='lat' dir='ltr'>Noscent</span> <span class='ocrx_word' id='word_1_121' title='bbox 741 2333 936 2380; x_wconf 88' lang='lat' dir='ltr'>Geloni:</span> <span class='ocrx_word' id='word_1_122' title='bbox 973 2349 1048 2380; x_wconf 91' lang='lat' dir='ltr'>me</span> <span class='ocrx_word' id='word_1_123' title='bbox 1067 2333 1245 2395; x_wconf 89' lang='lat' dir='ltr'>peritus</span> 
     </span>
     <span class='ocr_line' id='line_1_31' title="bbox 581 2398 1404 2462; baseline 0.002 -16"><span class='ocrx_word' id='word_1_124' title='bbox 581 2399 746 2446; x_wconf 89' lang='lat' dir='ltr'>Discet</span> <span class='ocrx_word' id='word_1_125' title='bbox 770 2398 894 2459; x_wconf 84' lang='lat' dir='ltr'>Iber,</span> <span class='ocrx_word' id='word_1_126' title='bbox 919 2399 1235 2461; x_wconf 86' lang='lat' dir='ltr'>Rhodanique</span> <span class='ocrx_word' id='word_1_127' title='bbox 1258 2407 1404 2462; x_wconf 90' lang='lat' dir='ltr'>potor.</span> 
     </span>
     <span class='ocr_line' id='line_1_32' title="bbox 438 2465 1157 2524; baseline -0.003 -11"><span class='ocrx_word' id='word_1_128' title='bbox 438 2465 612 2514; x_wconf 86' lang='lat' dir='ltr'>Absint</span> <span class='ocrx_word' id='word_1_129' title='bbox 635 2466 766 2512; x_wconf 90' lang='lat' dir='ltr'>inani</span> <span class='ocrx_word' id='word_1_130' title='bbox 791 2465 954 2513; x_wconf 89' lang='lat' dir='ltr'>funere</span> <span class='ocrx_word' id='word_1_131' title='bbox 974 2465 1157 2524; x_wconf 84' lang='lat' dir='ltr'>naeniae‚</span> 
     </span>
     <span class='ocr_line' id='line_1_33' title="bbox 439 2531 1333 2594; baseline -0.001 -15"><span class='ocrx_word' id='word_1_132' title='bbox 439 2531 710 2594; x_wconf 85' lang='lat' dir='ltr'>Luctusque</span> <span class='ocrx_word' id='word_1_133' title='bbox 734 2541 910 2594; x_wconf 89' lang='lat' dir='ltr'>turpes,</span> <span class='ocrx_word' id='word_1_134' title='bbox 935 2541 982 2579; x_wconf 91' lang='lat' dir='ltr'>et</span> <span class='ocrx_word' id='word_1_135' title='bbox 1003 2531 1333 2594; x_wconf 84' lang='lat' dir='ltr'>querimoniae:</span> 
     </span>
     <span class='ocr_line' id='line_1_34' title="bbox 501 2596 1358 2661; baseline -0.001 -15"><span class='ocrx_word' id='word_1_136' title='bbox 501 2599 763 2661; x_wconf 88' lang='lat' dir='ltr'>Compesce</span> <span class='ocrx_word' id='word_1_137' title='bbox 787 2598 1056 2657; x_wconf 87' lang='lat' dir='ltr'>clamorem,</span> <span class='ocrx_word' id='word_1_138' title='bbox 1077 2614 1134 2645; x_wconf 88' lang='lat' dir='ltr'>ac</span> <span class='ocrx_word' id='word_1_139' title='bbox 1156 2596 1358 2660; x_wconf 82' lang='lat' dir='ltr'>sepulcri</span> 
     </span>
     <span class='ocr_line' id='line_1_35' title="bbox 567 2663 1280 2728; baseline 0.001 -17"><span class='ocrx_word' id='word_1_140' title='bbox 567 2663 705 2712; x_wconf 89' lang='lat' dir='ltr'>Mitte</span> <span class='ocrx_word' id='word_1_141' title='bbox 729 2680 1043 2728; x_wconf 84' lang='lat' dir='ltr'>supervacuos</span> <span class='ocrx_word' id='word_1_142' title='bbox 1066 2665 1280 2712; x_wconf 79' lang='lat' dir='ltr'>honores·</span> 
     </span>
    </p>
   </div>
   <div class='ocr_carea' id='block_1_8' title="bbox 1755 1743 1816 1791">
    <p class='ocr_par' dir='ltr' id='par_1_8' title="bbox 1755 1743 1816 1791">
     <span class='ocr_line' id='line_1_36' title="bbox 1755 1743 1816 1791; baseline 0.016 -1"><span class='ocrx_word' id='word_1_143' title='bbox 1755 1743 1816 1791; x_wconf 88' lang='grc'>10</span> 
     </span>
    </p>
   </div>
   <div class='ocr_carea' id='block_1_9' title="bbox 1754 2073 1815 2120">
    <p class='ocr_par' dir='ltr' id='par_1_9' title="bbox 1754 2073 1815 2120">
     <span class='ocr_line' id='line_1_37' title="bbox 1754 2073 1815 2120; baseline 0 0"><span class='ocrx_word' id='word_1_144' title='bbox 1754 2073 1815 2120; x_wconf 89' lang='grc'>15</span> 
     </span>
    </p>
   </div>
   <div class='ocr_carea' id='block_1_10' title="bbox 1745 2401 1813 2451">
    <p class='ocr_par' dir='ltr' id='par_1_10' title="bbox 1745 2401 1813 2451">
     <span class='ocr_line' id='line_1_38' title="bbox 1745 2401 1813 2451; baseline -0.015 0"><span class='ocrx_word' id='word_1_145' title='bbox 1745 2401 1813 2451; x_wconf 75' lang='lat'>20</span> 
     </span>
    </p>
   </div>
  </div>
 </body>
</html>
