1976 3432
747 252 797 298 Q.
827 252 1068 292 HORATII
1097 252 1301 293 FLACCI

533 369 743 429 Tellure,
767 371 994 418 victorum
1017 380 1211 434 nepotes

597 409 783 483 Retulit
806 437 996 484 inferias
1018 437 1277 512 Jugurthae.

465 501 593 552 Quis
615 518 726 561 non,
746 502 916 549 Latino
940 504 1169 578 sanguine
1191 503 1426 566 pinguior,

467 567 677 629 Campus
701 568 961 630 sepulcris
949 569 1089 631 impia
1112 568 1276 631 proelia

531 632 772 693 Testatur,
797 635 1099 696 auditumque
1123 634 1281 682 Medis

599 672 842 763 Hespe'riae
866 700 1067 747 sonitum
1092 700 1277 748 ruinae'l

465 763 567 815 Qui
589 781 778 827 gurges,
802 774 882 812 aut
903 781 1005 827 quae
1029 764 1223 813 flumina
1244 765 1453 829 lugubris

466 829 640 893 Ignara
663 831 804 877 belli?
838 833 961 893 quod
986 847 1112 878 mare
1132 831 1332 879 Dauniae

531 895 643 943 Non
667 897 994 944 decoloravere
1019 898 1206 952 caedes'l

593 962 720 1012 Quae
743 973 872 1011 caret
894 980 975 1011 ora
997 978 1163 1010 cruore
1180 965 1371 1011 nostro?

466 1027 562 1074 Sed
586 1044 664 1088 ne,
687 1029 878 1089 relictis,
904 1029 1044 1076 Musa
1065 1045 1253 1091 procax,
1272 1029 1407 1092 jocis,

467 1093 579 1140 Ceae
601 1104 823 1147 retractes
846 1112 1043 1142 munera
1065 1095 1274 1142 Naeniae:

532 1157 726 1207 Mecum
749 1161 948 1208 Dionaeo
993 1161 1080 1207 sub
1103 1170 1236 1208 antro

602 1227 781 1278 Quaere
804 1228 966 1274 modos
988 1227 1158 1274 leviore
1181 1227 1372 1290 plectro.

905 1488 1044 1536 ODE
1078 1489 1130 1536 II

694 1606 760 1637 AD
785 1604 999 1636 CRISPUM
1023 1603 1345 1636 SALLUSTIUM.

528 1688 578 1736 N
580 1704 731 1736 nuos
756 1695 950 1750 argento
972 1686 1097 1734 color
1121 1695 1192 1734 est
1214 1685 1364 1734 avaris

528 1755 709 1802 Abdito
723 1754 875 1813 terriS,
901 1752 1092 1801 inimice
1114 1753 1285 1800 lamnae

528 1821 697 1884 Crispe
719 1818 924 1878 Sallusti,
948 1819 1037 1866 nisi
1061 1828 1318 1882 temperato

726 1900 730 1903 ·
854 1884 1110 1947 Splendeat
1132 1901 1234 1931 usu.

526 1953 666 2000 Vivet
688 1959 878 2000 extento
901 1950 1173 1998 Proculeius
1197 1966 1309 2014 aevo,

527 2017 686 2066 Notus
709 2018 757 2065 in
782 2017 944 2064 fratres
968 2017 1112 2064 animi
1134 2016 1343 2080 paterni.

441 2097 493 2181 'g
531 2083 674 2131 Illum
698 2092 806 2147 agat
826 2098 985 2155 penna
1007 2087 1247 2130 metuente
1271 2081 1384 2130 solvi

853 2148 1003 2196 Fama
1025 2158 1271 2210 superstes.

527 2214 693 2263 Latius
715 2230 884 2295 regnes
908 2215 1093 2261 avidum
1119 2213 1353 2262 domando

529 2282 769 2344 Spiritum,
793 2296 934 2342 quam
957 2280 998 2327 si
1020 2279 1218 2342 Libyam
1241 2279 1431 2327 remotis

526 2347 738 2394 Gadibus
756 2347 943 2409 jungas,
967 2359 1014 2393 et
1038 2355 1228 2408 uterque
1251 2344 1426 2395 Poenus

854 2413 1036 2459 Serviat
1059 2413 1156 2459 uni.

526 2478 711 2526 Crescit
735 2478 984 2541 indulgens
1008 2479 1095 2525 sibi
1119 2479 1246 2525 dirus
1266 2478 1494 2541 hydrops;

526 2544 633 2591 Nec
657 2546 780 2592 sitim
802 2545 950 2607 pellit,
975 2545 1065 2591 nisi
1091 2560 1234 2592 causa
1256 2542 1406 2591 morbi

528 2610 726 2694 Fugerit
747 2610 894 2669 venis,
918 2619 966 2657 et
989 2626 1188 2673 aquosus
1212 2609 1317 2656 albo

856 2650 1064 2738 Corpore
1088 2676 1298 2739 languor.

529 2741 790 2789 Redditum
817 2741 928 2803 Cyri
953 2741 1067 2788 solio
1090 2741 1340 2799 Phraaten,

526 2806 773 2854 Dissidens
796 2807 935 2870 plebi,
960 2823 1155 2854 numero
1177 2806 1418 2852 beatorum

528 2872 706 2920 Eximit
730 2874 918 2929 Virtus3
954 2872 1269 2935 populumque
1294 2870 1419 2918 falsis
1463 2895 1512 2914 «ο

855 2937 1069 2985 Dedocet
1091 2936 1159 2984 uti

528 3003 764 3060 Vocibus;
800 3019 997 3066 regnum
1022 3013 1069 3050 et
1103 3002 1319 3049 diadema
1334 3009 1487 3048 tutum

528 3069 759 3116 Deferens
782 3070 880 3127 uni,
905 3069 1226 3131 propriamque
1244 3067 1444 3122 laurum,

529 3135 759 3198 Quisquis
784 3135 999 3197 ingentes
1021 3134 1158 3181 oculo
1182 3133 1394 3181 irretorto

858 3201 1050 3262 Spectat
1074 3215 1277 3247 acervos.

1772 2279 1834 2328 10

1769 2607 1832 2656 15

1767 2839 1867 2983 ἓ...
