1936 3450
606 264 1016 306 EPISTOLARUM
1046 265 1155 305 LIB.
1186 265 1220 305 1.
1251 268 1289 306 1.

196 383 354 450 AEque
378 385 647 448 neglectum
670 386 826 448 pueris
849 385 1131 447 senibusque
1154 384 1358 433 nocebit.

195 451 367 501 Restat
389 460 440 498 ut
464 451 535 498 his
558 467 647 514 ego
664 467 741 498 me
763 451 862 514 ipse
886 467 1046 514 regam
1070 451 1280 514 solerque
1299 450 1570 499 elementis:

195 517 308 566 Non
331 518 480 581 possis
502 518 640 564 oculo
662 515 889 579 quantum
914 518 1201 564 contendere
1226 517 1463 580 Lynceus,

195 583 308 631 Non
332 593 489 631 tamen
513 583 690 630 idcirco
713 584 988 630 contemnas
1010 583 1164 646 lippus
1187 584 1350 646 inungi
1369 601 1380 641 3

195 649 321 709 Nec,
345 650 454 712 quia
477 650 695 712 desperes
719 649 879 696 invicti
902 650 1113 696 membra
1135 650 1376 712 Glyconis,

197 715 393 764 Nodosfi
417 731 585 777 corpus
609 716 728 762 nolis
750 715 998 777 prohibere
1022 716 1264 778 cheragra.

197 782 284 830 Est
306 782 510 844 quadam
533 782 716 844 prodire
740 790 893 840 tenus,
916 781 955 828 si
979 798 1075 828 non
1099 782 1234 828 datur
1258 779 1394 830 ultra.

198 848 368 896 Fervet
386 848 579 894 avaritia
602 848 869 909 miseroque.
888 847 1110 909 cupidine
1133 849 1330 910 pectus?

197 916 322 962 Sunt
344 915 484 961 verba
507 924 555 960 et
578 930 716 960 voces
738 914 907 975 quibus
931 910 1059 960 hunc
1081 914 1228 960 lenire
1252 913 1460 961 dolorem

200 981 375 1039 PossiS‚
399 989 446 1027 et
468 995 687 1042 magnam
714 980 861 1026 morbi
885 980 1121 1041 deponere
1144 988 1337 1042 partem.

199 1047 377 1094 Laudis
403 1062 560 1092 amore
584 1046 770 1091 tumes?
804 1054 914 1092 sunt
933 1055 1062 1092 certa
1083 1045 1269 1108 piacula
1291 1061 1395 1108 quae
1420 1054 1466 1094 te

199 1113 298 1160 Ter
321 1110 437 1175 pure
462 1111 585 1158 lecto
607 1120 826 1173 poterunt
849 1127 1060 1158 recreare
1084 1111 1256 1159 libello.

198 1179 410 1238 Invidus,
435 1178 704 1236 iracundus,
730 1178 871 1236 inerS,
897 1178 1101 1236 vinosus,
1126 1187 1319 1238 amator,

197 1245 355 1292 Nemo
378 1242 496 1292 adeo
522 1243 647 1290 ferus
669 1252 740 1290 est
763 1253 815 1290 ut
838 1261 933 1291 non
957 1244 1206 1291 mitescere
1229 1244 1392 1306 possit,

199 1313 254 1359 Si
278 1308 417 1358 modo
442 1310 638 1357 culturae
662 1311 919 1372 patientem
942 1311 1209 1357 commodet
1231 1326 1407 1358 aurem.

263 1377 427 1424 Virtus
449 1386 520 1424 est
543 1377 705 1423 vitium
730 1376 918 1439 fugere3
955 1386 1002 1423 et
1023 1376 1255 1439 sapientia
1275 1377 1427 1439 prima

199 1444 408 1491 Stultitia
433 1442 652 1489 caruisse.
722 1443 887 1502 Vides,
911 1459 1014 1504 quae
1037 1443 1242 1489 maxima
1265 1443 1418 1490 credis
1550 1492 1553 1495 ,

199 1511 318 1557 Esse
343 1510 479 1568 mala,
504 1510 728 1571 exiguum
751 1525 965 1568 censum,
990 1518 1265 1571 turpemque
1288 1509 1540 1572 repulsam,

197 1577 395 1627 Quanto
419 1576 596 1622 devites
619 1575 775 1622 animo
798 1575 1055 1637 capitisque
1079 1575 1264 1622 labore:

200 1641 406 1705 Impiger
430 1651 662 1688 extremos
685 1641 834 1687 curris
859 1650 1089 1688 mercator
1112 1641 1172 1687 ad
1198 1640 1360 1701 Indos,

200 1707 291 1755 Per
316 1724 443 1755 mare
466 1707 736 1770 pauperiem
758 1707 958 1769 fugienS,
982 1723 1064 1769 per
1087 1723 1216 1766 saxa,
1238 1723 1322 1770 per
1346 1708 1509 1771 ignes:

200 1773 279 1821 Ne
303 1790 440 1821 cures
462 1790 518 1820 ea
541 1789 644 1835 quae
668 1771 809 1820 stulte
834 1773 1016 1819 miraris
1039 1782 1087 1819 et
1108 1782 1256 1835 optas,

200 1839 397 1888 Discere
419 1849 467 1886 et
490 1840 668 1898 audire,
692 1848 740 1886 et
762 1839 944 1886 meliori
967 1839 1160 1886 credere
1186 1855 1281 1887 non
1305 1839 1406 1887 vis?

199 1907 327 1958 Quis
350 1907 531 1953 circum
553 1921 698 1967 pagos
720 1914 768 1952 et
790 1906 972 1952 circum
994 1906 1200 1967 compita
1220 1921 1415 1968 pugnax

201 1963 382 2035 Magna
405 1971 616 2020 coronari
641 1980 912 2019 contemnat
934 1970 1171 2034 Olympia,
1191 1971 1269 2018 cui
1293 1988 1415 2034 spes,

199 2038 294 2085 Cui
319 2039 377 2085 sit
402 2038 609 2085 conditio
634 2038 786 2087 dulcis
807 2038 911 2085 sine
933 2038 1122 2100 pulvere
1141 2037 1339 2100 palmae?

269 2105 423 2152 Vilius
447 2113 692 2167 argentum
715 2113 786 2151 est
809 2119 939 2164 auro,
964 2104 1210 2150 virtutibus
1233 2119 1414 2151 aurum.

199 2173 232 2195 “
253 2171 300 2218 Ο
322 2171 464 2230 cives,
489 2171 630 2229 cives,
653 2171 907 2231 quaerenda
929 2171 1133 2232 pecunia
1155 2167 1359 2233 primum
1382 2178 1469 2230 est,

201 2236 365 2283 Virtus
388 2246 492 2299 post
508 2237 776 2283 nummos.’'
847 2236 969 2282 Haec
992 2236 1022 2282 J
1026 2252 1143 2283 anus
1167 2252 1378 2283 summus
1401 2236 1461 2283 ab
1484 2236 1580 2285 imo

202 2301 460 2349 Prodocet:
497 2303 598 2348 haec
623 2302 840 2349 recinunt
858 2302 1056 2365 juvenes
1080 2302 1254 2353 dictata
1278 2318 1525 2365 senesque,

203 2368 344 2415 Laevo
367 2368 580 2430 suspensi
604 2368 782 2415 loculos
805 2368 1104 2429 tabulamque
1127 2368 1339 2417 lacerto„

201 2435 256 2480 Si
280 2434 634 2496 quadringentis
657 2450 737 2481 sex
761 2443 940 2496 septem
963 2434 1110 2480 millia
1133 2434 1320 2493 desunt,

203 2499 290 2546 Est
313 2500 498 2546 animus
521 2499 622 2558 tibi,
647 2510 757 2547 suut
779 2516 948 2558 mores,
973 2507 1020 2546 et
1043 2499 1219 2561 lingua„
1243 2499 1452 2561 fidesque
1465 2517 1477 2558 ;

203 2565 342 2612 Plebs
365 2565 469 2611 eris.
540 2565 607 2611 At
628 2565 761 2627 pueri
785 2565 1019 2623 ludentes,
1036 2568 1064 2588 “
1086 2564 1196 2611 Rex
1216 2565 1356 2623 eris,''
1383 2565 1531 2625 aiunt,

202 2635 234 2656 ‘⁴
258 2632 310 2678 Si
332 2629 460 2679 recte
482 2631 676 2681 facies.’'
747 2631 843 2678 Hic
867 2646 1029 2677 murus
1052 2633 1233 2677 aeneus
1253 2641 1371 2691 esto,

203 2695 287 2744 Nil
311 2698 522 2744 conscire
546 2697 650 2755 sibi,
675 2696 1083 2758 nullapallescere
1106 2696 1262 2758 culpa.

204 2762 399 2822 Roscia,
423 2764 501 2810 dic
525 2764 677 2823 sodeS‚
703 2763 864 2810 melior
886 2762 980 2821 lex,
1005 2778 1064 2808 an
1085 2777 1338 2825 puerorum
1361 2772 1434 2811 est

205 2827 391 2887 Naenia,
416 2845 518 2890 quae
542 2845 740 2891 regnum
763 2825 892 2875 recte
919 2827 1198 2875 facientibus
1215 2828 1369 2889 offert,

207 2892 270 2940 Et
294 2894 500 2941 maribus
522 2895 680 2942 Curiis
702 2904 750 2942 et
772 2895 1022 2943 decantata
1045 2893 1289 2942 Camillis?

210 2957 322 3005 Isne
345 2959 430 3005 tibi
453 2959 622 3007 melius
645 2961 824 3019 suadet,
848 2960 943 3022 qui,
967 2975 1066 3006 rem
1091 2959 1262 3018 facias;
1298 2976 1414 3020 rem,

206 3024 262 3070 Si
286 3026 448 3086 possis,
472 3023 629 3083 recte,
619 3043 629 3053 ·
665 3027 704 3073 si
728 3042 840 3085 non,
863 3041 1143 3087 quocunque
1166 3027 1304 3074 modo
1326 3041 1456 3084 rem;

208 3088 272 3135 Ut
291 3088 482 3164 propius
506 3101 687 3152 spectes
709 3091 969 3153 lacrymosa
990 3094 1210 3154 poemata
1232 3091 1382 3155 Pupi:

209 3155 291 3200 An
313 3155 392 3215 qui
417 3155 610 3202 fortunae
633 3167 679 3204 te
701 3171 974 3219 responsare
998 3158 1209 3220 snperbae

209 3218 431 3267 Liberum
455 3229 503 3267 et
525 3232 735 3334 elrgctum
756 3238 963 3285 praesens
984 3223 1192 3270 hortatur
1215 3232 1263 3270 et
1285 3223 1441 3285 aptat!

1672 267 1766 316 145
