1976 3432
455 565 534 641 Q.
603 564 1061 626 HORATII
1128 563 1527 666 FLACCI

730 744 1256 828 CARMINUM

731 973 904 1014 LIBER
929 973 1248 1016 SECUNDUS.

685 1462 751 1494 AD
775 1462 984 1496 ASINIUM
1007 1463 1306 1497 POLLIONEM.

437 1546 632 1595 Mo'rUM
655 1562 714 1592 ex
736 1545 930 1594 Metello
947 1545 1140 1594 consule
1163 1547 1383 1609 civicum,

438 1613 648 1674 Bellique
672 1627 854 1672 causas,
880 1621 927 1659 et
949 1613 1074 1672 vitia,
1098 1621 1146 1659 et
1169 1614 1347 1674 modos,

504 1679 785 1738 Ludumque
810 1678 1048 1737 Fortunae,
1073 1694 1328 1741 gravesque

569 1744 840 1806 Principum
864 1745 1109 1803 amicitias,
1133 1752 1180 1791 et
1202 1761 1332 1793 arma

437 1809 664 1857 Nondum
686 1809 882 1872 expiatis
906 1819 1049 1858 uncta
1070 1810 1330 1871 cruoribus,

436 1871 717 1924 Periculosae
740 1876 930 1938 plenum
954 1892 1070 1940 opus
1089 1875 1219 1935 aleae,

506 1941 725 2000 Tractas,
747 1950 795 1988 et
815 1941 997 1989 incedis
1018 1958 1101 2004 per
1119 1942 1253 2005 ignes

569 2007 841 2070 Suppositos
864 2007 1012 2055 cineri
1035 2007 1208 2055 doloso.

436 2071 637 2121 Paulum
660 2089 833 2120 severae
857 2071 998 2120 Musa
1019 2073 1258 2151 tragoediae

436 2139 572 2187 Desit
594 2139 816 2187 theatris:
852 2155 975 2198 mox,
1000 2139 1080 2186 ubi
1103 2126 1314 2202 publicas

499 2206 603 2253 Res
623 2204 870 2264 ordinaris,
893 2205 1072 2267 grande
1096 2222 1266 2253 munus

570 2270 801 2332 Cecropio
824 2280 1007 2332 repetes
1027 2271 1275 2331 cothurno,

439 2337 633 2400 Insigne
659 2336 833 2384 moestis
856 2335 1124 2398 praesidium
1149 2337 1257 2398 reis,

438 2403 500 2451 Et
523 2401 802 2461 consulenti,
827 2401 989 2461 Pollio,
1013 2402 1156 2449 curiae
1176 2420 1187 2460 ;

505 2469 597 2516 Cui
620 2468 779 2514 laurus
803 2477 999 2515 aeternos
1022 2469 1222 2515 honores

567 2533 832 2581 Dalmatico
855 2533 1035 2607 peperit
1058 2534 1306 2596 triumpho.

441 2600 547 2647 Jam
575 2615 703 2646 nunc
726 2599 899 2646 minaci
924 2615 1162 2646 murmure
1188 2615 1419 2647 cornuum

437 2665 717 2726 Pei-stringis
741 2681 903 2713 aures:
935 2663 1030 2727 jam
1054 2663 1157 2712 litui
1180 2674 1416 2728 strepunt3

503 2731 608 2777 Jam
636 2731 784 2793 fulgor
808 2738 1039 2777 armorum
1066 2730 1256 2793 fugaces

567 2796 738 2844 Terret
759 2813 916 2870 equos,
940 2796 1239 2860 equitumque
1263 2798 1429 2846 vultus.

439 2862 618 2909 Audire
643 2878 838 2925 magnos
857 2862 952 2925 jam
978 2862 1135 2909 'videor
1158 2863 1304 2922 duces

437 2910 562 2975 Non
572 2929 795 2975 indecoro
817 2927 1006 2990 pulvere
1031 2928 1261 2989 sordidos,

511 2992 570 3040 Et
591 3003 764 3041 cuncta
786 3004 1010 3041 terrarum
1031 2993 1225 3042 subacta

571 3057 745 3110 Praetes
769 3069 973 3108 atrocem
998 3059 1205 3106 animum
1230 3060 1438 3110 Catonis.

440 3122 582 3182 Juno,
606 3132 653 3171 et
675 3124 866 3182 deorum
889 3124 1096 3186 quisquis
1119 3125 1311 3174 amicior

441 3188 569 3235 Afris
594 3188 741 3236 inulta
765 3200 970 3237 cesserat
992 3190 1223 3252 impotens

1756 2144 1813 2192 10

1752 2473 1836 2521 15.

1747 2800 1813 2847 20
