1936 3450
1306 228 1323 251 ἢ

591 285 999 327 EPISTOLARUM
1029 284 1138 351 Lm,
1166 260 1292 324 11.'.1.

188 394 465 469 Divitiaeque
488 406 775 468 peregrinae5
810 405 980 468 quibus
1000 404 1172 451 oblitus
1190 412 1324 451 actor

185 475 355 527 Quum
378 471 505 520 stetit
528 472 576 518 in
598 470 1026 530 scena,‚0011currit
1048 471 1240 517 dextera
1256 469 1399 519 laevae.
1462 514 1475 518 ,

186 537 320 588 Dixit
343 539 498 586 adhuc
522 538 697 598 aliquid
711 536 846 584 ?÷-N
851 537 881 584 il
907 533 1242 589 sane.-'-Quid
1265 536 1422 598 placet
1444 550 1556 597 ergo
1570 534 1657 582 ²2-

189 606 324 655 Lana
346 603 611 652 Tarentino
635 604 779 651 violas
802 603 982 650 imitata
1004 616 1203 649 veneno.

255 672 332 731 Ac
354 686 415 717 ne
440 667 557 717 forte
583 679 718 731 putes
743 685 835 727 me,
859 683 962 730 quae
987 668 1176 714 facere
1167 683 1264 732 ipse
1290 682 1523 727 recusem,

186 737 355 788 Quum
378 733 508 782 recte
533 744 736 782 tractent
760 707 854 793 alii,
879 735 1071 780 laudare
1075 731 1334 797 maligne·
1322 770 1333 791 ,

189 802 277 850 Ille
301 818 381 865 per
405 811 645 849 extentum
671 801 832 847 funem
856 801 970 846 mihi
993 812 1128 874 posse
1159 799 1340 847 videtur

188 869 267 916 Ire
285 871 440 932 poeta,
465 883 627 914 meum*
646 867 725 928 qui
749 877 913 928 pectus
937 866 1138 912 inaniter
1163 865 1309 927 angit,

190 934 362 992 Irritat,
387 934 580 992 mulcet,
606 933 731 979 falsis
754 932 1006 986 terroribus
1030 932 1206 993 implet,

189 999 254 1048 Ut
276 1015 456 1062 magus,
480 1008 527 1046 et
550 997 690 1046 modo
715 1015 790 1044 me
810 997 1007 1056 Thebis,
1030 995 1170 1044 modo
1194 997 1326 1062 ponit
1348 997 1565 1046 Athenis.

256 1065 437 1114 Verum
461 1081 564 1127 age,
590 1071 636 1111 et
660 1065 733 1111 his
755 1064 834 1126 qui
859 1080 908 1110 se
932 1064 1094 1110 lectori
1119 1064 1312 1110 credere
1337 1064 1532 1123 malunt,

187 1128 353 1194 Quam
378 1131 651 1194 spectatoris
675 1131 859 1177 fastidia
882 1131 1000 1176 ferre
1024 1130 1227 1191 superbi,

191 1195 367 1246 Curam
390 1198 534 1244 redde
561 1198 763 1255 brevem,
786 1197 826 1242 si
852 1212 1023 1242 munus
1047 1195 1268 1257 Apolline
1293 1196 1488 1258 dignum

189 1265 277 1312 Vis
301 1263 536 1325 complere
560 1263 705 1321 libris,
725 1273 772 1310 et
796 1263 977 1308 vatibus
1001 1262 1174 1308 addere
1194 1261 1367 1320 calcar,

189 1329 254 1379 Ut
277 1330 430 1377 studio
455 1329 628 1391 majore
652 1327 813 1390 petant
837 1328 1073 1375 Helicona
1094 1328 1336 1374 virentem

257 1396 409 1442 Multa
431 1395 621 1456 quidem
646 1392 780 1441 nobis
805 1395 1002 1440 facimus
1027 1394 1148 1440 mala
1166 1409 1291 1455 saepe
1315 1397 1467 1455 poetae

194 1462 280 1526 (Ut
303 1462 459 1508 vineta
481 1470 669 1523 egomet
691 1462 871 1507 caedam
895 1460 1041 1524 mea),
1065 1476 1207 1521 quum
1234 1460 1315 1506 tibi
1341 1460 1514 1509 librum

190 1528 403 1575 Sollicito
422 1527 604 1585 damuS,
630 1536 709 1572 aut
734 1526 881 1582 fesso;
918 1542 1060 1588 quum
1084 1526 1296 1572 laedimur
1322 1542 1470 1587 unum

194 1595 245 1641 Si
269 1594 372 1655 quis
396 1594 654 1639 amicorum
678 1601 748 1639 est
772 1608 913 1638 ausus
935 1591 1218 1653 reprendere
1243 1591 1455 1648 versum3

189 1660 356 1711 Quum
382 1659 486 1706 loca
506 1657 601 1720 jam
626 1658 818 1704 recitata
842 1657 1118 1704 revolvimus
1143 1658 1412 1714 ir'revocati3

190 1726 357 1776 Quum
377 1725 686 1771 lamentamur
710 1740 804 1770 non
829 1739 1051 1785 apparere
1074 1723 1257 1771 labores

192 1791 390 1838 Nostros
413 1802 460 1837 et
484 1790 613 1836 tenui
637 1790 840 1836 deducm
862 1793 1081 1851 poemata
1105 1789 1208 1845 filo;

189 1854 359 1908 Quum
382 1871 623 1918 speramus
645 1853 703 1902 eo
724 1871 820 1902 rem
848 1866 1107 1913 venturam,
1134 1865 1199 1913 ut,
1224 1855 1360 1902 simul
1386 1863 1522 1917 atque

193 1923 417 1970 Carmina
440 1922 655 1968 rescieris
672 1920 765 1968 ⁴nos
784 1921 977 1982 fingere,
1002 1921 1277 1968 commodus
1302 1921 1422 1967 ultro

193 1990 439 2047 Arcessas,
465 1995 512 2034 et
530 2003 668 2050 egere
693 1998 836 2045 vetes,
861 1997 908 2034 et
931 1987 1135 2033 scribere
1160 2003 1314 2049 cogas.

192 2056 289 2102 Sed
314 2064 468 2100 tamen
494 2062 564 2099 est
586 2068 738 2114 operae
762 2052 962 2115 pretium
982 2069 1266 2114 cognoscere
1290 2053 1450 2115 quales

194 2121 414 2167 AEdituos
440 2120 605 2166 habeat
632 2119 736 2165 belli
761 2128 970 2180 spectata
994 2119 1212 2180 domique

192 2187 371 2245 Virtus,
397 2186 592 2247 indigno
616 2201 710 2231 non
735 2185 1069 2231 committenda
1093 2188 1258 2246 poetae.

190 2252 365 2299 Gratus
390 2251 663 2298 Alexandro
688 2251 784 2325 regi
810 2249 988 2312 Magno
1013 2251 1098 2297 fuit
1122 2251 1198 2296 ille

192 2317 446 2376 Choerilus,
472 2317 663 2364 incultis
748 2317 764 2363 i
787 2317 997 2362 versibus
1018 2326 1065 2363 et
1091 2315 1210 2362 male
1238 2317 1360 2363 natis

194 2383 397 2430 Rettulit
420 2391 653 2444 acceptos,
671 2329 755 2446 ἕ
729 2381 834 2446 gale
859 2383 1109 2440 numisma,
1135 2383 1388 2456 Philippos.

194 2449 307 2507 Sed,
333 2448 472 2495 veluti
497 2455 694 2496 tractata
715 2449 874 2494 notam
899 2447 1143 2520 labemque
1169 2449 1413 2494 remittunt

195 2488 489 2571 Atramenta‚
516 2510 611 2559 fere
637 2513 885 2585 scriptores
908 2514 1116 2559 carmine
1138 2514 1260 2560 foedo

194 2580 453 2642 Splendida
478 2579 598 2625 facta
622 2579 787 2625 linunt.
859 2578 991 2624 Idem
1017 2595 1098 2624 rex
1122 2579 1215 2637 ille,
1241 2581 1411 2640 poema

190 2645 293 2696 Qui
318 2655 410 2692 tam
437 2644 685 2691 ridiculum
709 2655 803 2691 tam
829 2642 937 2690 care
964 2644 1186 2706 prodigus
1210 2644 1338 2703 emit,

195 2710 364 2758 Edicto
390 2711 533 2757 vetuit
555 2726 615 2755 ne
634 2711 738 2771 quis
761 2726 827 2769 se,
853 2718 1018 2772 praeter
1043 2709 1262 2771 Apellen,

196 2775 431 2837 Pingeret,
456 2785 535 2822 aut
559 2776 677 2821 alius
703 2776 904 2838 Lysippo
927 2776 1122 2822 duceret
1146 2791 1237 2822 aera
1275 2823 1278 2826 .

198 2839 349 2887 Fortis
373 2841 631 2890 Alexandri
656 2841 830 2890 vultum
855 2841 1135 2887 simulantia.
1203 2837 1352 2892 Quod
1377 2841 1416 2889 si

195 2904 437 2952 Judioium
460 2906 628 2953 subtile
652 2907 866 2953 videndis
890 2906 1066 2952 artibus
1092 2906 1207 2953 illud

199 2971 278 3017 Ad
297 2970 436 3017 libros
457 2980 505 3018 et
527 2973 587 3018 ad
611 2973 712 3019 haec
732 2971 975 3018 Musarum
1001 2973 1125 3019 dona
1148 2988 1353 3032 vocares,

199 3035 443 3082 Boeotum
434 3052 480 3082 in
503 3052 660 3084 crasso
678 3038 858 3100 jurares
876 3041 986 3084 aere
1006 3048 1181 3085 natum.

200 3101 267 3147 At
285 3103 436 3162 neque
458 3099 758 3165 dedecorant
765 3113 846 3150 tua
868 3103 926 3149 de
950 3120 1000 3150 se
1020 3103 1199 3165 judicia
1222 3113 1360 3165 atque

202 3164 419 3223 Munera,
442 3181 545 3227 quae
570 3168 715 3214 multa
740 3168 894 3215 dantis
918 3185 1026 3216 cum
1045 3169 1183 3215 laude
1207 3170 1415 3216 tulerunt

199 3229 375 3278 Dilecti
398 3230 482 3278 tibi
506 3230 730 3294 Virgilius
747 3233 1009 3295 Variusque
1033 3238 1215 3295 poetoe:

1665 284 1758 333 175
1794 258 1802 266 ”

1661 468 1760 517 205

1665 799 1764 847 210

1665 1128 1762 1176 215

1665 1459 1763 1506 220

1664 2117 1763 2166 230

1661 2445 1761 2493 235

1664 2773 1763 2820 240

1662 3102 1761 3151 245
