<?xml version="1.0" encoding="UTF-8"?>
<!DOCTYPE html PUBLIC "-//W3C//DTD XHTML 1.0 Transitional//EN"
    "http://www.w3.org/TR/xhtml1/DTD/xhtml1-transitional.dtd">
<html xmlns="http://www.w3.org/1999/xhtml" xml:lang="en" lang="en">
 <head>
  <title>
</title>
<meta http-equiv="Content-Type" content="text/html;charset=utf-8" />
  <meta name='ocr-system' content='tesseract 3.04.00' />
  <meta name='ocr-capabilities' content='ocr_page ocr_carea ocr_par ocr_line ocrx_word'/>
</head>
<body>
  <div class='ocr_page' id='page_1' title='image "./operaacceduntcla00horauoft_0198.png"; bbox 0 0 1936 3450; ppageno 0'>
   <div class='ocr_carea' id='block_1_1' title="bbox 1660 0 1936 308">
    <p class='ocr_par' dir='ltr' id='par_1_1' title="bbox 1660 0 1936 308">
     <span class='ocr_line' id='line_1_1' title="bbox 1660 0 1936 308; baseline 0 3142"><span class='ocrx_word' id='word_1_1' title='bbox 1660 0 1936 308; x_wconf 95' lang='lat' dir='ltr'> </span> 
     </span>
    </p>
   </div>
   <div class='ocr_carea' id='block_1_2' title="bbox 239 265 1332 330">
    <p class='ocr_par' dir='ltr' id='par_1_2' title="bbox 239 265 1332 330">
     <span class='ocr_line' id='line_1_2' title="bbox 239 265 1332 330; baseline 0 -9"><span class='ocrx_word' id='word_1_2' title='bbox 239 282 335 330; x_wconf 80' lang='lat'>190</span> <span class='ocrx_word' id='word_1_3' title='bbox 777 280 827 326; x_wconf 86' lang='lat' dir='ltr'>Q.</span> <span class='ocrx_word' id='word_1_4' title='bbox 857 279 1100 320; x_wconf 83' lang='lat' dir='ltr'><strong>HORATII</strong></span> <span class='ocrx_word' id='word_1_5' title='bbox 1116 265 1332 321; x_wconf 71' lang='lat' dir='ltr'>&#39;FLAccr</span> 
     </span>
    </p>
   </div>
   <div class='ocr_carea' id='block_1_3' title="bbox 214 397 1936 3220">
    <p class='ocr_par' dir='ltr' id='par_1_3' title="bbox 297 397 1936 462">
     <span class='ocr_line' id='line_1_3' title="bbox 297 397 1936 462; baseline 0.002 -18"><span class='ocrx_word' id='word_1_6' title='bbox 297 397 348 444; x_wconf 98' lang='lat' dir='ltr'>N</span> <span class='ocrx_word' id='word_1_7' title='bbox 351 412 420 456; x_wconf 84' lang='lat' dir='ltr'>ec,</span> <span class='ocrx_word' id='word_1_8' title='bbox 447 398 760 460; x_wconf 81' lang='lat' dir='ltr'>quodcunque</span> <span class='ocrx_word' id='word_1_9' title='bbox 785 399 921 459; x_wconf 87' lang='lat' dir='ltr'>volet,</span> <span class='ocrx_word' id='word_1_10' title='bbox 938 408 1100 462; x_wconf 87' lang='lat' dir='ltr'>poscat</span> <span class='ocrx_word' id='word_1_11' title='bbox 1122 399 1213 446; x_wconf 85' lang='lat' dir='ltr'>sibi</span> <span class='ocrx_word' id='word_1_12' title='bbox 1236 398 1391 446; x_wconf 85' lang='lat' dir='ltr'>fabula</span> <span class='ocrx_word' id='word_1_13' title='bbox 1412 399 1572 457; x_wconf 57' lang='lat' dir='ltr'>credi,</span> <span class='ocrx_word' id='word_1_14' title='bbox 1781 414 1788 421; x_wconf 86' lang='lat'><strong>·</strong></span> <span class='ocrx_word' id='word_1_15' title='bbox 1880 430 1881 433; x_wconf 63' lang='lat'><em>=</em></span> <span class='ocrx_word' id='word_1_16' title='bbox 1929 410 1936 458; x_wconf 63' lang='lat' dir='ltr'>‘g</span> 
     </span>
    </p>

    <p class='ocr_par' dir='ltr' id='par_1_4' title="bbox 297 462 1936 527">
     <span class='ocr_line' id='line_1_4' title="bbox 297 462 1877 527; baseline 0.003 -17"><span class='ocrx_word' id='word_1_17' title='bbox 297 462 410 510; x_wconf 91' lang='lat' dir='ltr'>Neu</span> <span class='ocrx_word' id='word_1_18' title='bbox 434 480 615 525; x_wconf 83' lang='lat' dir='ltr'>pransae</span> <span class='ocrx_word' id='word_1_19' title='bbox 640 463 817 511; x_wconf 85' lang='lat' dir='ltr'>Lamiae</span> <span class='ocrx_word' id='word_1_20' title='bbox 841 465 995 523; x_wconf 84' lang='lat' dir='ltr'>vivum</span> <span class='ocrx_word' id='word_1_21' title='bbox 1018 480 1214 527; x_wconf 90' lang='lat' dir='ltr'>puerum</span> <span class='ocrx_word' id='word_1_22' title='bbox 1239 465 1449 512; x_wconf 88' lang='lat' dir='ltr'>extrahat</span> <span class='ocrx_word' id='word_1_23' title='bbox 1466 465 1581 524; x_wconf 82' lang='lat' dir='ltr'>alvo.</span> <span class='ocrx_word' id='word_1_24' title='bbox 1777 465 1877 515; x_wconf 83' lang='grc'>340</span> 
     </span>
    </p>

    <p class='ocr_par' dir='ltr' id='par_1_5' title="bbox 299 528 1428 594">
     <span class='ocr_line' id='line_1_5' title="bbox 299 528 1428 594; baseline 0.001 -18"><span class='ocrx_word' id='word_1_25' title='bbox 299 528 538 576; x_wconf 88' lang='lat' dir='ltr'>Centuriae</span> <span class='ocrx_word' id='word_1_26' title='bbox 563 529 811 591; x_wconf 43' lang='lat' dir='ltr'>seniorum,</span> <span class='ocrx_word' id='word_1_27' title='bbox 823 531 999 593; x_wconf 87' lang='lat' dir='ltr'>agitant</span> <span class='ocrx_word' id='word_1_28' title='bbox 1021 531 1234 592; x_wconf 82' lang='lat' dir='ltr'>expertia</span> <span class='ocrx_word' id='word_1_29' title='bbox 1257 531 1402 594; x_wconf 75' lang='lat' dir='ltr'>frugis</span> <span class='ocrx_word' id='word_1_30' title='bbox 1415 547 1428 588; x_wconf 89' lang='lat'>;</span> 
     </span>
    </p>

    <p class='ocr_par' dir='ltr' id='par_1_6' title="bbox 299 595 1468 658">
     <span class='ocr_line' id='line_1_6' title="bbox 299 595 1468 658; baseline 0.002 -17"><span class='ocrx_word' id='word_1_31' title='bbox 299 595 428 642; x_wconf 85' lang='lat' dir='ltr'>Celsi</span> <span class='ocrx_word' id='word_1_32' title='bbox 450 604 733 658; x_wconf 84' lang='lat' dir='ltr'>praetereunt</span> <span class='ocrx_word' id='word_1_33' title='bbox 750 605 934 643; x_wconf 87' lang='lat' dir='ltr'>austera</span> <span class='ocrx_word' id='word_1_34' title='bbox 956 599 1175 658; x_wconf 74' lang='lat' dir='ltr'>poemata</span> <span class='ocrx_word' id='word_1_35' title='bbox 1199 595 1468 643; x_wconf 82' lang='lat' dir='ltr'>Rhamnes:</span> 
     </span>
    </p>

    <p class='ocr_par' dir='ltr' id='par_1_7' title="bbox 298 661 1467 723">
     <span class='ocr_line' id='line_1_7' title="bbox 298 661 1467 723; baseline 0 -15"><span class='ocrx_word' id='word_1_36' title='bbox 298 661 457 708; x_wconf 90' lang='lat' dir='ltr'>Omne</span> <span class='ocrx_word' id='word_1_37' title='bbox 480 662 585 708; x_wconf 91' lang='lat' dir='ltr'>tulit</span> <span class='ocrx_word' id='word_1_38' title='bbox 606 671 852 723; x_wconf 88' lang='lat' dir='ltr'>punctum,</span> <span class='ocrx_word' id='word_1_39' title='bbox 876 662 955 723; x_wconf 90' lang='lat' dir='ltr'>qui</span> <span class='ocrx_word' id='word_1_40' title='bbox 979 662 1168 709; x_wconf 84' lang='lat' dir='ltr'><strong>miscuit</strong></span> <span class='ocrx_word' id='word_1_41' title='bbox 1191 662 1303 709; x_wconf 92' lang='lat' dir='ltr'>utile</span> <span class='ocrx_word' id='word_1_42' title='bbox 1322 662 1467 723; x_wconf 92' lang='lat' dir='ltr'>dulci,</span> 
     </span>
    </p>

    <p class='ocr_par' dir='ltr' id='par_1_8' title="bbox 297 726 1614 789">
     <span class='ocr_line' id='line_1_8' title="bbox 297 726 1614 789; baseline 0 -16"><span class='ocrx_word' id='word_1_43' title='bbox 297 726 544 774; x_wconf 90' lang='lat' dir='ltr'>Lectorem</span> <span class='ocrx_word' id='word_1_44' title='bbox 571 727 848 774; x_wconf 83' lang='lat' dir='ltr'>delectando</span> <span class='ocrx_word' id='word_1_45' title='bbox 871 728 1133 789; x_wconf 79' lang='lat' dir='ltr'>pariterque</span> <span class='ocrx_word' id='word_1_46' title='bbox 1152 728 1404 776; x_wconf 86' lang='lat' dir='ltr'>monendo.</span> <span class='ocrx_word' id='word_1_47' title='bbox 1611 772 1614 773; x_wconf 16' lang='lat'><em>⁷</em></span> 
     </span>
    </p>

    <p class='ocr_par' dir='ltr' id='par_1_9' title="bbox 298 792 1934 854">
     <span class='ocr_line' id='line_1_9' title="bbox 298 792 1934 854; baseline 0.002 -15"><span class='ocrx_word' id='word_1_48' title='bbox 298 792 396 839; x_wconf 92' lang='lat' dir='ltr'>Hic</span> <span class='ocrx_word' id='word_1_49' title='bbox 419 802 566 839; x_wconf 88' lang='lat' dir='ltr'>meret</span> <span class='ocrx_word' id='word_1_50' title='bbox 589 809 680 840; x_wconf 81' lang='lat' dir='ltr'>aera</span> <span class='ocrx_word' id='word_1_51' title='bbox 701 793 818 840; x_wconf 87' lang='lat' dir='ltr'>liber</span> <span class='ocrx_word' id='word_1_52' title='bbox 840 793 986 840; x_wconf 87' lang='lat' dir='ltr'>Sosiis</span> <span class='ocrx_word' id='word_1_53' title='bbox 1005 811 1017 851; x_wconf 76' lang='lat'><em>3</em></span> <span class='ocrx_word' id='word_1_54' title='bbox 1055 794 1133 839; x_wconf 90' lang='lat' dir='ltr'>hic</span> <span class='ocrx_word' id='word_1_55' title='bbox 1156 802 1203 840; x_wconf 88' lang='lat' dir='ltr'>et</span> <span class='ocrx_word' id='word_1_56' title='bbox 1226 810 1354 840; x_wconf 87' lang='lat' dir='ltr'>mare</span> <span class='ocrx_word' id='word_1_57' title='bbox 1378 793 1558 854; x_wconf 84' lang='lat' dir='ltr'>transit,</span> <span class='ocrx_word' id='word_1_58' title='bbox 1775 793 1875 842; x_wconf 80' lang='lat'>345</span> <span class='ocrx_word' id='word_1_59' title='bbox 1931 794 1934 799; x_wconf 75' lang='grc'><em>’</em></span> 
     </span>
    </p>

    <p class='ocr_par' dir='ltr' id='par_1_10' title="bbox 297 857 1927 987">
     <span class='ocr_line' id='line_1_10' title="bbox 297 857 1547 921; baseline 0.001 -17"><span class='ocrx_word' id='word_1_60' title='bbox 297 857 360 905; x_wconf 84' lang='lat' dir='ltr'>Et</span> <span class='ocrx_word' id='word_1_61' title='bbox 382 858 574 921; x_wconf 84' lang='lat' dir='ltr'>longum</span> <span class='ocrx_word' id='word_1_62' title='bbox 599 867 710 906; x_wconf 90' lang='lat' dir='ltr'>noto</span> <span class='ocrx_word' id='word_1_63' title='bbox 732 859 943 921; x_wconf 84' lang='lat' dir='ltr'>scriptori</span> <span class='ocrx_word' id='word_1_64' title='bbox 967 868 1184 920; x_wconf 83' lang='lat' dir='ltr'>prorogat</span> <span class='ocrx_word' id='word_1_65' title='bbox 1208 875 1369 905; x_wconf 84' lang='lat' dir='ltr'>aevum.</span> <span class='ocrx_word' id='word_1_66' title='bbox 1536 895 1547 899; x_wconf 32' lang='lat'>&gt;⁴</span> 
     </span>
     <span class='ocr_line' id='line_1_11' title="bbox 365 924 1927 987; baseline 0.001 -16"><span class='ocrx_word' id='word_1_67' title='bbox 365 925 486 971; x_wconf 87' lang='lat' dir='ltr'>Sunt</span> <span class='ocrx_word' id='word_1_68' title='bbox 510 925 683 971; x_wconf 90' lang='lat' dir='ltr'>delicta</span> <span class='ocrx_word' id='word_1_69' title='bbox 704 933 862 971; x_wconf 90' lang='lat' dir='ltr'>tamen</span> <span class='ocrx_word' id='word_1_70' title='bbox 886 925 1055 986; x_wconf 84' lang='lat' dir='ltr'>quibus</span> <span class='ocrx_word' id='word_1_71' title='bbox 1078 925 1310 987; x_wconf 81' lang='lat' dir='ltr'>ignovisse</span> <span class='ocrx_word' id='word_1_72' title='bbox 1335 924 1557 974; x_wconf 88' lang='lat' dir='ltr'>velimus:</span> <span class='ocrx_word' id='word_1_73' title='bbox 1925 975 1927 977; x_wconf 84' lang='lat'>.</span> 
     </span>
    </p>

    <p class='ocr_par' dir='ltr' id='par_1_11' title="bbox 214 988 1872 1052">
     <span class='ocr_line' id='line_1_12' title="bbox 214 988 1872 1052; baseline 0.002 -16"><span class='ocrx_word' id='word_1_74' title='bbox 214 998 218 1002; x_wconf 83' lang='lat'>&#39;</span> <span class='ocrx_word' id='word_1_75' title='bbox 297 988 424 1036; x_wconf 88' lang='lat' dir='ltr'>Nam</span> <span class='ocrx_word' id='word_1_76' title='bbox 449 1007 602 1051; x_wconf 92' lang='lat' dir='ltr'>neque</span> <span class='ocrx_word' id='word_1_77' title='bbox 627 991 803 1037; x_wconf 88' lang='lat' dir='ltr'>chorda</span> <span class='ocrx_word' id='word_1_78' title='bbox 825 1007 991 1037; x_wconf 90' lang='lat' dir='ltr'>sonum</span> <span class='ocrx_word' id='word_1_79' title='bbox 1016 991 1170 1037; x_wconf 85' lang='lat' dir='ltr'>reddit</span> <span class='ocrx_word' id='word_1_80' title='bbox 1187 1006 1326 1052; x_wconf 90' lang='lat' dir='ltr'>quem</span> <span class='ocrx_word' id='word_1_81' title='bbox 1349 991 1447 1037; x_wconf 87' lang='lat' dir='ltr'>vult</span> <span class='ocrx_word' id='word_1_82' title='bbox 1464 1007 1632 1038; x_wconf 87' lang='lat' dir='ltr'>manus</span> <span class='ocrx_word' id='word_1_83' title='bbox 1653 999 1701 1038; x_wconf 82' lang='lat' dir='ltr'>et</span> <span class='ocrx_word' id='word_1_84' title='bbox 1721 1006 1872 1051; x_wconf 83' lang='lat' dir='ltr'>meuS,</span> 
     </span>
    </p>

    <p class='ocr_par' dir='ltr' id='par_1_12' title="bbox 297 1055 1933 1119">
     <span class='ocr_line' id='line_1_13' title="bbox 297 1055 1933 1119; baseline 0.001 -17"><span class='ocrx_word' id='word_1_85' title='bbox 297 1055 609 1118; x_wconf 89' lang='lat' dir='ltr'>Poscentique</span> <span class='ocrx_word' id='word_1_86' title='bbox 632 1072 820 1118; x_wconf 82' lang='lat' dir='ltr'>gravem</span> <span class='ocrx_word' id='word_1_87' title='bbox 843 1055 1052 1119; x_wconf 65' lang='lat' dir='ltr'>persaepe</span> <span class='ocrx_word' id='word_1_88' title='bbox 1077 1057 1271 1103; x_wconf 90' lang='lat' dir='ltr'>remittit</span> <span class='ocrx_word' id='word_1_89' title='bbox 1294 1066 1511 1114; x_wconf 79' lang='lat' dir='ltr'>acutum;</span> <span class='ocrx_word' id='word_1_90' title='bbox 1930 1100 1933 1103; x_wconf 91' lang='lat'>.</span> 
     </span>
    </p>

    <p class='ocr_par' dir='ltr' id='par_1_13' title="bbox 297 1120 1936 1184">
     <span class='ocr_line' id='line_1_14' title="bbox 297 1120 1936 1184; baseline 0.002 -16"><span class='ocrx_word' id='word_1_91' title='bbox 297 1120 405 1173; x_wconf 90' lang='lat' dir='ltr'>Nec</span> <span class='ocrx_word' id='word_1_92' title='bbox 429 1138 611 1184; x_wconf 89' lang='lat' dir='ltr'>semper</span> <span class='ocrx_word' id='word_1_93' title='bbox 635 1122 768 1169; x_wconf 89' lang='lat' dir='ltr'>feriet</span> <span class='ocrx_word' id='word_1_94' title='bbox 791 1123 1103 1184; x_wconf 83' lang='lat' dir='ltr'>quodcunque</span> <span class='ocrx_word' id='word_1_95' title='bbox 1130 1123 1382 1169; x_wconf 86' lang='lat' dir='ltr'>minabitur</span> <span class='ocrx_word' id='word_1_96' title='bbox 1406 1138 1556 1169; x_wconf 88' lang='lat' dir='ltr'>arcus.</span> <span class='ocrx_word' id='word_1_97' title='bbox 1774 1123 1874 1171; x_wconf 84' lang='grc'>350</span> <span class='ocrx_word' id='word_1_98' title='bbox 1934 1131 1936 1171; x_wconf 85' lang='grc' dir='ltr'>ξ</span> 
     </span>
    </p>

    <p class='ocr_par' dir='ltr' id='par_1_14' title="bbox 296 1186 1936 1251">
     <span class='ocr_line' id='line_1_15' title="bbox 296 1186 1936 1251; baseline 0.001 -17"><span class='ocrx_word' id='word_1_99' title='bbox 296 1186 495 1247; x_wconf 73' lang='lat' dir='ltr'>Verum,</span> <span class='ocrx_word' id='word_1_100' title='bbox 521 1189 600 1234; x_wconf 93' lang='lat' dir='ltr'>ubi</span> <span class='ocrx_word' id='word_1_101' title='bbox 617 1188 751 1250; x_wconf 89' lang='lat' dir='ltr'>plura</span> <span class='ocrx_word' id='word_1_102' title='bbox 773 1189 924 1235; x_wconf 90' lang='lat' dir='ltr'>nitent</span> <span class='ocrx_word' id='word_1_103' title='bbox 947 1188 995 1234; x_wconf 91' lang='lat' dir='ltr'>in</span> <span class='ocrx_word' id='word_1_104' title='bbox 1022 1188 1246 1247; x_wconf 83' lang='lat' dir='ltr'>carmine,</span> <span class='ocrx_word' id='word_1_105' title='bbox 1270 1205 1365 1235; x_wconf 93' lang='lat' dir='ltr'>non</span> <span class='ocrx_word' id='word_1_106' title='bbox 1390 1204 1478 1250; x_wconf 89' lang='lat' dir='ltr'>ego</span> <span class='ocrx_word' id='word_1_107' title='bbox 1501 1188 1665 1251; x_wconf 80' lang='lat' dir='ltr'>paucis</span> <span class='ocrx_word' id='word_1_108' title='bbox 1934 1191 1936 1194; x_wconf 51' lang='lat'><em>⁴</em></span> 
     </span>
    </p>

    <p class='ocr_par' dir='ltr' id='par_1_15' title="bbox 296 1252 1365 1315">
     <span class='ocr_line' id='line_1_16' title="bbox 296 1252 1365 1315; baseline 0 -15"><span class='ocrx_word' id='word_1_109' title='bbox 296 1252 524 1300; x_wconf 88' lang='lat' dir='ltr'>Offendar</span> <span class='ocrx_word' id='word_1_110' title='bbox 548 1255 760 1313; x_wconf 83' lang='lat' dir='ltr'>maculiS,</span> <span class='ocrx_word' id='word_1_111' title='bbox 791 1269 906 1315; x_wconf 86' lang='lat' dir='ltr'>quas</span> <span class='ocrx_word' id='word_1_112' title='bbox 929 1262 1009 1300; x_wconf 89' lang='lat' dir='ltr'>aut</span> <span class='ocrx_word' id='word_1_113' title='bbox 1027 1254 1209 1300; x_wconf 88' lang='lat' dir='ltr'>incuria</span> <span class='ocrx_word' id='word_1_114' title='bbox 1232 1254 1365 1312; x_wconf 92' lang='lat' dir='ltr'>fudit,</span> 
     </span>
    </p>

    <p class='ocr_par' dir='ltr' id='par_1_16' title="bbox 297 1319 1691 1382">
     <span class='ocr_line' id='line_1_17' title="bbox 297 1319 1691 1382; baseline 0.001 -17"><span class='ocrx_word' id='word_1_115' title='bbox 297 1320 398 1366; x_wconf 91' lang='lat' dir='ltr'>Aut</span> <span class='ocrx_word' id='word_1_116' title='bbox 422 1321 627 1366; x_wconf 86' lang='lat' dir='ltr'>humana</span> <span class='ocrx_word' id='word_1_117' title='bbox 648 1336 812 1381; x_wconf 88' lang='lat' dir='ltr'>parum</span> <span class='ocrx_word' id='word_1_118' title='bbox 839 1319 960 1366; x_wconf 91' lang='lat' dir='ltr'>cavit</span> <span class='ocrx_word' id='word_1_119' title='bbox 982 1319 1364 1369; x_wconf 60' lang='lat' dir='ltr'>natura-Quid</span> <span class='ocrx_word' id='word_1_120' title='bbox 1388 1335 1499 1382; x_wconf 87' lang='lat' dir='ltr'>ergo</span> <span class='ocrx_word' id='word_1_121' title='bbox 1521 1329 1591 1367; x_wconf 88' lang='lat' dir='ltr'>est</span> <span class='ocrx_word' id='word_1_122' title='bbox 1605 1320 1691 1367; x_wconf 68' lang='lat' dir='ltr'>‘l—</span> 
     </span>
    </p>

    <p class='ocr_par' dir='ltr' id='par_1_17' title="bbox 296 1384 1936 1447">
     <span class='ocr_line' id='line_1_18' title="bbox 296 1384 1936 1447; baseline -0.001 -15"><span class='ocrx_word' id='word_1_123' title='bbox 296 1384 361 1432; x_wconf 85' lang='lat' dir='ltr'>Ut</span> <span class='ocrx_word' id='word_1_124' title='bbox 384 1386 578 1447; x_wconf 80' lang='lat' dir='ltr'>scriptor</span> <span class='ocrx_word' id='word_1_125' title='bbox 602 1385 640 1431; x_wconf 90' lang='lat' dir='ltr'>si</span> <span class='ocrx_word' id='word_1_126' title='bbox 663 1394 829 1447; x_wconf 87' lang='lat' dir='ltr'>peccat</span> <span class='ocrx_word' id='word_1_127' title='bbox 852 1386 977 1432; x_wconf 90' lang='lat' dir='ltr'>idem</span> <span class='ocrx_word' id='word_1_128' title='bbox 1000 1386 1214 1432; x_wconf 86' lang='lat' dir='ltr'>librarius</span> <span class='ocrx_word' id='word_1_129' title='bbox 1238 1401 1401 1446; x_wconf 88' lang='lat' dir='ltr'>usque,</span> <span class='ocrx_word' id='word_1_130' title='bbox 1934 1429 1936 1442; x_wconf 20' lang='grc' dir='ltr'>ᾗ</span> 
     </span>
    </p>

    <p class='ocr_par' dir='ltr' id='par_1_18' title="bbox 295 1451 1936 1510">
     <span class='ocr_line' id='line_1_19' title="bbox 295 1451 1936 1510; baseline -0.001 -9"><span class='ocrx_word' id='word_1_131' title='bbox 295 1451 529 1501; x_wconf 79' lang='lat' dir='ltr'>Quamvis</span> <span class='ocrx_word' id='word_1_132' title='bbox 553 1460 623 1498; x_wconf 90' lang='lat' dir='ltr'>est</span> <span class='ocrx_word' id='word_1_133' title='bbox 646 1451 868 1510; x_wconf 86' lang='lat' dir='ltr'>monitus,</span> <span class='ocrx_word' id='word_1_134' title='bbox 893 1451 1030 1497; x_wconf 67' lang='lat' dir='ltr'>venia</span> <span class='ocrx_word' id='word_1_135' title='bbox 1054 1460 1181 1497; x_wconf 88' lang='lat' dir='ltr'>caret</span> <span class='ocrx_word' id='word_1_136' title='bbox 1195 1468 1206 1508; x_wconf 92' lang='lat'>;</span> <span class='ocrx_word' id='word_1_137' title='bbox 1243 1460 1290 1498; x_wconf 89' lang='lat' dir='ltr'>et</span> <span class='ocrx_word' id='word_1_138' title='bbox 1313 1451 1598 1506; x_wconf 85' lang='lat' dir='ltr'>citharoedus</span> <span class='ocrx_word' id='word_1_139' title='bbox 1772 1451 1873 1508; x_wconf 82' lang='lat'>355</span> <span class='ocrx_word' id='word_1_140' title='bbox 1930 1453 1936 1480; x_wconf 43' lang='grc' dir='ltr'>ἕ</span> 
     </span>
    </p>

    <p class='ocr_par' dir='ltr' id='par_1_19' title="bbox 296 1516 1936 1579">
     <span class='ocr_line' id='line_1_20' title="bbox 296 1516 1936 1579; baseline -0.001 -16"><span class='ocrx_word' id='word_1_141' title='bbox 296 1517 519 1577; x_wconf 79' lang='lat' dir='ltr'>Ridetur,</span> <span class='ocrx_word' id='word_1_142' title='bbox 543 1518 719 1564; x_wconf 68' lang='lat' dir='ltr'>chorda</span> <span class='ocrx_word' id='word_1_143' title='bbox 744 1517 822 1578; x_wconf 90' lang='lat' dir='ltr'>qui</span> <span class='ocrx_word' id='word_1_144' title='bbox 846 1533 1028 1579; x_wconf 86' lang='lat' dir='ltr'>semper</span> <span class='ocrx_word' id='word_1_145' title='bbox 1051 1517 1236 1563; x_wconf 89' lang='lat' dir='ltr'>oberrat</span> <span class='ocrx_word' id='word_1_146' title='bbox 1258 1516 1454 1563; x_wconf 69' lang='lat' dir='ltr'>eadem:</span> <span class='ocrx_word' id='word_1_147' title='bbox 1934 1519 1936 1529; x_wconf 71' lang='lat'><strong>²</strong></span> 
     </span>
    </p>

    <p class='ocr_par' dir='ltr' id='par_1_20' title="bbox 299 1581 1507 1645">
     <span class='ocr_line' id='line_1_21' title="bbox 299 1581 1507 1645; baseline -0.001 -16"><span class='ocrx_word' id='word_1_148' title='bbox 299 1583 380 1629; x_wconf 85' lang='lat' dir='ltr'>Sic</span> <span class='ocrx_word' id='word_1_149' title='bbox 404 1583 535 1642; x_wconf 92' lang='lat' dir='ltr'>mihi,</span> <span class='ocrx_word' id='word_1_150' title='bbox 559 1583 638 1645; x_wconf 88' lang='lat' dir='ltr'>qui</span> <span class='ocrx_word' id='word_1_151' title='bbox 662 1581 862 1630; x_wconf 72' lang='lat' dir='ltr'>multum</span> <span class='ocrx_word' id='word_1_152' title='bbox 886 1591 1053 1642; x_wconf 85' lang='lat' dir='ltr'>cessat,</span> <span class='ocrx_word' id='word_1_153' title='bbox 1079 1582 1129 1629; x_wconf 92' lang='lat' dir='ltr'>fit</span> <span class='ocrx_word' id='word_1_154' title='bbox 1153 1582 1388 1628; x_wconf 87' lang='lat' dir='ltr'>Choerilus</span> <span class='ocrx_word' id='word_1_155' title='bbox 1412 1582 1507 1641; x_wconf 90' lang='lat' dir='ltr'>ille,</span> 
     </span>
    </p>

    <p class='ocr_par' dir='ltr' id='par_1_21' title="bbox 295 1648 1612 1714">
     <span class='ocr_line' id='line_1_22' title="bbox 295 1648 1612 1714; baseline -0.003 -15"><span class='ocrx_word' id='word_1_156' title='bbox 295 1649 458 1707; x_wconf 78' lang='lat' dir='ltr'>Quem</span> <span class='ocrx_word' id='word_1_157' title='bbox 483 1650 554 1695; x_wconf 90' lang='lat' dir='ltr'>bis</span> <span class='ocrx_word' id='word_1_158' title='bbox 577 1658 737 1714; x_wconf 91' lang='lat' dir='ltr'>terque</span> <span class='ocrx_word' id='word_1_159' title='bbox 763 1650 936 1695; x_wconf 91' lang='lat' dir='ltr'>bonum</span> <span class='ocrx_word' id='word_1_160' title='bbox 960 1664 1069 1694; x_wconf 92' lang='lat' dir='ltr'>cum</span> <span class='ocrx_word' id='word_1_161' title='bbox 1093 1648 1189 1694; x_wconf 90' lang='lat' dir='ltr'>risu</span> <span class='ocrx_word' id='word_1_162' title='bbox 1213 1649 1381 1705; x_wconf 83' lang='lat' dir='ltr'>miror3</span> <span class='ocrx_word' id='word_1_163' title='bbox 1417 1657 1465 1694; x_wconf 92' lang='lat' dir='ltr'>et</span> <span class='ocrx_word' id='word_1_164' title='bbox 1486 1648 1612 1695; x_wconf 88' lang='lat' dir='ltr'>idem</span> 
     </span>
    </p>

    <p class='ocr_par' dir='ltr' id='par_1_22' title="bbox 295 1713 1530 1777">
     <span class='ocr_line' id='line_1_23' title="bbox 295 1713 1530 1777; baseline 0 -17"><span class='ocrx_word' id='word_1_165' title='bbox 295 1713 540 1777; x_wconf 84' lang='lat' dir='ltr'>Indignor,</span> <span class='ocrx_word' id='word_1_166' title='bbox 563 1715 843 1776; x_wconf 24' lang='lat' dir='ltr'>quand-oque</span> <span class='ocrx_word' id='word_1_167' title='bbox 863 1715 1014 1761; x_wconf 91' lang='lat' dir='ltr'>bonus</span> <span class='ocrx_word' id='word_1_168' title='bbox 1038 1714 1256 1761; x_wconf 87' lang='lat' dir='ltr'>dormitat</span> <span class='ocrx_word' id='word_1_169' title='bbox 1280 1713 1530 1760; x_wconf 87' lang='lat' dir='ltr'>Homerus.</span> 
     </span>
    </p>

    <p class='ocr_par' dir='ltr' id='par_1_23' title="bbox 296 1778 1936 1908">
     <span class='ocr_line' id='line_1_24' title="bbox 296 1778 1873 1842; baseline 0.001 -16"><span class='ocrx_word' id='word_1_170' title='bbox 296 1779 476 1827; x_wconf 70' lang='lat' dir='ltr'>Verum</span> <span class='ocrx_word' id='word_1_171' title='bbox 500 1781 629 1842; x_wconf 89' lang='lat' dir='ltr'>operi</span> <span class='ocrx_word' id='word_1_172' title='bbox 653 1780 793 1842; x_wconf 86' lang='lat' dir='ltr'>longo</span> <span class='ocrx_word' id='word_1_173' title='bbox 818 1781 886 1827; x_wconf 86' lang='lat' dir='ltr'>fas</span> <span class='ocrx_word' id='word_1_174' title='bbox 909 1789 979 1827; x_wconf 89' lang='lat' dir='ltr'>est</span> <span class='ocrx_word' id='word_1_175' title='bbox 1000 1781 1224 1842; x_wconf 86' lang='lat' dir='ltr'>obrepere</span> <span class='ocrx_word' id='word_1_176' title='bbox 1249 1795 1479 1826; x_wconf 91' lang='lat' dir='ltr'>somnum.</span> <span class='ocrx_word' id='word_1_177' title='bbox 1774 1778 1873 1828; x_wconf 84' lang='grc'>360</span> 
     </span>
     <span class='ocr_line' id='line_1_25' title="bbox 362 1842 1936 1908; baseline -0.001 -16"><span class='ocrx_word' id='word_1_178' title='bbox 362 1845 425 1893; x_wconf 91' lang='lat' dir='ltr'>Ut</span> <span class='ocrx_word' id='word_1_179' title='bbox 446 1847 644 1908; x_wconf 76' lang='lat' dir='ltr'>pictura,</span> <span class='ocrx_word' id='word_1_180' title='bbox 668 1846 853 1907; x_wconf 74' lang='lat' dir='ltr'>poesis3</span> <span class='ocrx_word' id='word_1_181' title='bbox 889 1846 977 1892; x_wconf 88' lang='lat' dir='ltr'>erit</span> <span class='ocrx_word' id='word_1_182' title='bbox 999 1861 1118 1907; x_wconf 88' lang='lat' dir='ltr'>quae,</span> <span class='ocrx_word' id='word_1_183' title='bbox 1144 1845 1182 1891; x_wconf 92' lang='lat' dir='ltr'>si</span> <span class='ocrx_word' id='word_1_184' title='bbox 1205 1842 1396 1907; x_wconf 73' lang='lat' dir='ltr'>propius</span> <span class='ocrx_word' id='word_1_185' title='bbox 1418 1854 1527 1904; x_wconf 89' lang='lat' dir='ltr'>stes,</span> <span class='ocrx_word' id='word_1_186' title='bbox 1932 1861 1936 1870; x_wconf 95' lang='grc'><strong><em>·</em></strong></span> 
     </span>
    </p>

    <p class='ocr_par' dir='ltr' id='par_1_24' title="bbox 295 1909 1523 1974">
     <span class='ocr_line' id='line_1_26' title="bbox 295 1909 1523 1974; baseline 0.002 -19"><span class='ocrx_word' id='word_1_187' title='bbox 295 1909 372 1957; x_wconf 89' lang='lat' dir='ltr'>Te</span> <span class='ocrx_word' id='word_1_188' title='bbox 396 1913 550 1974; x_wconf 81' lang='lat' dir='ltr'>capiet</span> <span class='ocrx_word' id='word_1_189' title='bbox 574 1909 739 1974; x_wconf 70' lang='lat' dir='ltr'>magIS,</span> <span class='ocrx_word' id='word_1_190' title='bbox 766 1921 812 1958; x_wconf 93' lang='lat' dir='ltr'>et</span> <span class='ocrx_word' id='word_1_191' title='bbox 835 1913 1063 1973; x_wconf 86' lang='lat' dir='ltr'>quaedam,</span> <span class='ocrx_word' id='word_1_192' title='bbox 1088 1911 1127 1957; x_wconf 90' lang='lat' dir='ltr'>si</span> <span class='ocrx_word' id='word_1_193' title='bbox 1150 1909 1337 1972; x_wconf 72' lang='lat' dir='ltr'>longius</span> <span class='ocrx_word' id='word_1_194' title='bbox 1357 1911 1523 1957; x_wconf 88' lang='lat' dir='ltr'>abstes.</span> 
     </span>
    </p>

    <p class='ocr_par' dir='ltr' id='par_1_25' title="bbox 273 1975 1569 2036">
     <span class='ocr_line' id='line_1_27' title="bbox 273 1975 1569 2036; baseline 0 -12"><span class='ocrx_word' id='word_1_195' title='bbox 273 1978 275 1982; x_wconf 74' lang='grc'><em>’</em></span> <span class='ocrx_word' id='word_1_196' title='bbox 295 1977 417 2024; x_wconf 86' lang='lat' dir='ltr'>Haec</span> <span class='ocrx_word' id='word_1_197' title='bbox 442 1987 565 2024; x_wconf 88' lang='lat' dir='ltr'>amat</span> <span class='ocrx_word' id='word_1_198' title='bbox 586 1978 866 2035; x_wconf 90' lang='lat' dir='ltr'>obscurum;</span> <span class='ocrx_word' id='word_1_199' title='bbox 902 1978 1023 2024; x_wconf 92' lang='lat' dir='ltr'>volet</span> <span class='ocrx_word' id='word_1_200' title='bbox 1046 1977 1148 2023; x_wconf 85' lang='lat' dir='ltr'>haec</span> <span class='ocrx_word' id='word_1_201' title='bbox 1172 1977 1259 2022; x_wconf 90' lang='lat' dir='ltr'>sub</span> <span class='ocrx_word' id='word_1_202' title='bbox 1281 1976 1388 2022; x_wconf 89' lang='lat' dir='ltr'>luce</span> <span class='ocrx_word' id='word_1_203' title='bbox 1406 1975 1569 2036; x_wconf 86' lang='lat' dir='ltr'>videri,</span> 
     </span>
    </p>

    <p class='ocr_par' dir='ltr' id='par_1_26' title="bbox 296 2042 1936 2105">
     <span class='ocr_line' id='line_1_28' title="bbox 296 2042 1936 2105; baseline -0.001 -16"><span class='ocrx_word' id='word_1_204' title='bbox 296 2042 326 2089; x_wconf 88' lang='lat' dir='ltr'><strong>J</strong></span> <span class='ocrx_word' id='word_1_205' title='bbox 330 2043 482 2090; x_wconf 79' lang='lat' dir='ltr'>udicis</span> <span class='ocrx_word' id='word_1_206' title='bbox 506 2052 720 2105; x_wconf 84' lang='lat' dir='ltr'>argutum</span> <span class='ocrx_word' id='word_1_207' title='bbox 745 2059 847 2105; x_wconf 82' lang='lat' dir='ltr'>quae</span> <span class='ocrx_word' id='word_1_208' title='bbox 871 2060 965 2090; x_wconf 89' lang='lat' dir='ltr'>non</span> <span class='ocrx_word' id='word_1_209' title='bbox 991 2042 1206 2090; x_wconf 88' lang='lat' dir='ltr'>formidat</span> <span class='ocrx_word' id='word_1_210' title='bbox 1230 2052 1459 2088; x_wconf 88' lang='lat' dir='ltr'>acumen:</span> <span class='ocrx_word' id='word_1_211' title='bbox 1933 2070 1936 2077; x_wconf 67' lang='lat'>,</span> 
     </span>
    </p>

    <p class='ocr_par' dir='ltr' id='par_1_27' title="bbox 296 2106 1936 2237">
     <span class='ocr_line' id='line_1_29' title="bbox 296 2106 1936 2171; baseline 0.001 -17"><span class='ocrx_word' id='word_1_212' title='bbox 296 2108 418 2154; x_wconf 87' lang='lat' dir='ltr'>Haec</span> <span class='ocrx_word' id='word_1_213' title='bbox 440 2109 616 2171; x_wconf 89' lang='lat' dir='ltr'>placuit</span> <span class='ocrx_word' id='word_1_214' title='bbox 639 2112 796 2167; x_wconf 89' lang='lat' dir='ltr'>semel,</span> <span class='ocrx_word' id='word_1_215' title='bbox 824 2110 926 2155; x_wconf 88' lang='lat' dir='ltr'>haec</span> <span class='ocrx_word' id='word_1_216' title='bbox 950 2109 1109 2155; x_wconf 84' lang='lat' dir='ltr'>decies</span> <span class='ocrx_word' id='word_1_217' title='bbox 1132 2108 1326 2169; x_wconf 90' lang='lat' dir='ltr'>repetita</span> <span class='ocrx_word' id='word_1_218' title='bbox 1348 2106 1563 2169; x_wconf 88' lang='lat' dir='ltr'>placebit.</span> <span class='ocrx_word' id='word_1_219' title='bbox 1774 2107 1870 2156; x_wconf 88' lang='grc'>365</span> <span class='ocrx_word' id='word_1_220' title='bbox 1928 2138 1936 2155; x_wconf 86' lang='grc'>.-</span> 
     </span>
     <span class='ocr_line' id='line_1_30' title="bbox 361 2174 1936 2237; baseline 0 -17"><span class='ocrx_word' id='word_1_221' title='bbox 361 2174 407 2220; x_wconf 90' lang='lat' dir='ltr'>O</span> <span class='ocrx_word' id='word_1_222' title='bbox 432 2175 577 2236; x_wconf 85' lang='lat' dir='ltr'>major</span> <span class='ocrx_word' id='word_1_223' title='bbox 596 2174 840 2237; x_wconf 90' lang='lat' dir='ltr'>juvenum,</span> <span class='ocrx_word' id='word_1_224' title='bbox 865 2174 1074 2235; x_wconf 88' lang='lat' dir='ltr'>quamvis</span> <span class='ocrx_word' id='word_1_225' title='bbox 1097 2182 1144 2219; x_wconf 89' lang='lat' dir='ltr'>et</span> <span class='ocrx_word' id='word_1_226' title='bbox 1167 2188 1280 2219; x_wconf 85' lang='lat' dir='ltr'>voce</span> <span class='ocrx_word' id='word_1_227' title='bbox 1304 2174 1501 2233; x_wconf 69' lang='lat' dir='ltr'>paternii</span> <span class='ocrx_word' id='word_1_228' title='bbox 1932 2187 1936 2191; x_wconf 84' lang='grc'>·</span> 
     </span>
    </p>

    <p class='ocr_par' dir='ltr' id='par_1_28' title="bbox 295 2238 1642 2302">
     <span class='ocr_line' id='line_1_31' title="bbox 295 2238 1642 2302; baseline 0 -17"><span class='ocrx_word' id='word_1_229' title='bbox 295 2239 513 2302; x_wconf 84' lang='lat' dir='ltr'>Fingeris</span> <span class='ocrx_word' id='word_1_230' title='bbox 537 2240 595 2285; x_wconf 88' lang='lat' dir='ltr'>ad</span> <span class='ocrx_word' id='word_1_231' title='bbox 619 2249 816 2297; x_wconf 87' lang='lat' dir='ltr'>rectum,</span> <span class='ocrx_word' id='word_1_232' title='bbox 841 2248 887 2286; x_wconf 90' lang='lat' dir='ltr'>et</span> <span class='ocrx_word' id='word_1_233' title='bbox 905 2256 986 2302; x_wconf 89' lang='lat' dir='ltr'>per</span> <span class='ocrx_word' id='word_1_234' title='bbox 1011 2248 1056 2286; x_wconf 91' lang='lat' dir='ltr'>te</span> <span class='ocrx_word' id='word_1_235' title='bbox 1080 2238 1219 2300; x_wconf 83' lang='lat' dir='ltr'>sapiS,</span> <span class='ocrx_word' id='word_1_236' title='bbox 1245 2239 1333 2284; x_wconf 93' lang='lat' dir='ltr'>hoc</span> <span class='ocrx_word' id='word_1_237' title='bbox 1355 2238 1439 2284; x_wconf 92' lang='lat' dir='ltr'>tibi</span> <span class='ocrx_word' id='word_1_238' title='bbox 1463 2238 1642 2301; x_wconf 78' lang='lat' dir='ltr'>dictum</span> 
     </span>
    </p>

    <p class='ocr_par' dir='ltr' id='par_1_29' title="bbox 295 2303 1570 2352">
     <span class='ocr_line' id='line_1_32' title="bbox 295 2303 1570 2352; baseline -0.001 0"><span class='ocrx_word' id='word_1_239' title='bbox 295 2304 435 2352; x_wconf 92' lang='lat' dir='ltr'>Tolle</span> <span class='ocrx_word' id='word_1_240' title='bbox 459 2321 637 2352; x_wconf 91' lang='lat' dir='ltr'>memor</span> <span class='ocrx_word' id='word_1_241' title='bbox 659 2322 668 2351; x_wconf 73' lang='grc' dir='ltr'>ε</span> <span class='ocrx_word' id='word_1_242' title='bbox 704 2306 844 2352; x_wconf 89' lang='lat' dir='ltr'>certis</span> <span class='ocrx_word' id='word_1_243' title='bbox 868 2305 1075 2351; x_wconf 90' lang='lat' dir='ltr'>medium</span> <span class='ocrx_word' id='word_1_244' title='bbox 1099 2313 1146 2350; x_wconf 90' lang='lat' dir='ltr'>et</span> <span class='ocrx_word' id='word_1_245' title='bbox 1167 2303 1406 2350; x_wconf 82' lang='lat' dir='ltr'>tolerabile</span> <span class='ocrx_word' id='word_1_246' title='bbox 1429 2304 1570 2351; x_wconf 87' lang='lat' dir='ltr'>rebus</span> 
     </span>
    </p>

    <p class='ocr_par' dir='ltr' id='par_1_30' title="bbox 294 2369 1936 2433">
     <span class='ocr_line' id='line_1_33' title="bbox 294 2369 1936 2433; baseline -0.001 -15"><span class='ocrx_word' id='word_1_247' title='bbox 294 2369 452 2418; x_wconf 71' lang='lat' dir='ltr'>Recte</span> <span class='ocrx_word' id='word_1_248' title='bbox 477 2371 689 2418; x_wconf 88' lang='lat' dir='ltr'>concedi.</span> <span class='ocrx_word' id='word_1_249' title='bbox 759 2371 1015 2418; x_wconf 87' lang='lat' dir='ltr'>Consultus</span> <span class='ocrx_word' id='word_1_250' title='bbox 1034 2370 1166 2433; x_wconf 84' lang='lat' dir='ltr'>juris,</span> <span class='ocrx_word' id='word_1_251' title='bbox 1191 2378 1237 2415; x_wconf 90' lang='lat' dir='ltr'>et</span> <span class='ocrx_word' id='word_1_252' title='bbox 1261 2378 1388 2416; x_wconf 88' lang='lat' dir='ltr'>actor</span> <span class='ocrx_word' id='word_1_253' title='bbox 1926 2410 1936 2425; x_wconf 42' lang='lat'><strong><em>⁴</em></strong></span> 
     </span>
    </p>

    <p class='ocr_par' dir='ltr' id='par_1_31' title="bbox 295 2435 1930 2496">
     <span class='ocr_line' id='line_1_34' title="bbox 295 2435 1930 2496; baseline 0.001 -13"><span class='ocrx_word' id='word_1_254' title='bbox 295 2437 557 2483; x_wconf 87' lang='lat' dir='ltr'>Causarum</span> <span class='ocrx_word' id='word_1_255' title='bbox 583 2437 849 2496; x_wconf 89' lang='lat' dir='ltr'>mediocris,</span> <span class='ocrx_word' id='word_1_256' title='bbox 874 2436 1005 2483; x_wconf 86' lang='lat' dir='ltr'>abest</span> <span class='ocrx_word' id='word_1_257' title='bbox 1028 2436 1195 2482; x_wconf 87' lang='lat' dir='ltr'>virtute</span> <span class='ocrx_word' id='word_1_258' title='bbox 1220 2435 1380 2482; x_wconf 89' lang='lat' dir='ltr'>diserti</span> <span class='ocrx_word' id='word_1_259' title='bbox 1555 2465 1560 2469; x_wconf 63' lang='lat'>&gt;</span> <span class='ocrx_word' id='word_1_260' title='bbox 1770 2435 1869 2484; x_wconf 81' lang='grc'>370</span> <span class='ocrx_word' id='word_1_261' title='bbox 1925 2454 1930 2462; x_wconf 60' lang='grc'>’·</span> 
     </span>
    </p>

    <p class='ocr_par' dir='ltr' id='par_1_32' title="bbox 294 2499 1492 2564">
     <span class='ocr_line' id='line_1_35' title="bbox 294 2499 1492 2564; baseline -0.003 -15"><span class='ocrx_word' id='word_1_262' title='bbox 294 2502 527 2562; x_wconf 68' lang='lat' dir='ltr'>Messalae,</span> <span class='ocrx_word' id='word_1_263' title='bbox 552 2518 642 2549; x_wconf 91' lang='lat' dir='ltr'>nec</span> <span class='ocrx_word' id='word_1_264' title='bbox 667 2503 755 2549; x_wconf 92' lang='lat' dir='ltr'>scit</span> <span class='ocrx_word' id='word_1_265' title='bbox 776 2499 1002 2564; x_wconf 70' lang='lat' dir='ltr'>quantum</span> <span class='ocrx_word' id='word_1_266' title='bbox 1026 2501 1285 2548; x_wconf 85' lang='lat' dir='ltr'>Cascellius</span> <span class='ocrx_word' id='word_1_267' title='bbox 1309 2501 1492 2558; x_wconf 83' lang='lat' dir='ltr'>Aulus3</span> 
     </span>
    </p>

    <p class='ocr_par' dir='ltr' id='par_1_33' title="bbox 295 2565 1588 2630">
     <span class='ocr_line' id='line_1_36' title="bbox 295 2565 1588 2630; baseline -0.002 -15"><span class='ocrx_word' id='word_1_268' title='bbox 295 2569 390 2615; x_wconf 87' lang='lat' dir='ltr'>Sed</span> <span class='ocrx_word' id='word_1_269' title='bbox 414 2578 572 2615; x_wconf 85' lang='lat' dir='ltr'>tamen</span> <span class='ocrx_word' id='word_1_270' title='bbox 597 2568 645 2614; x_wconf 91' lang='lat' dir='ltr'>in</span> <span class='ocrx_word' id='word_1_271' title='bbox 669 2569 817 2630; x_wconf 88' lang='lat' dir='ltr'>pretio</span> <span class='ocrx_word' id='word_1_272' title='bbox 840 2577 938 2614; x_wconf 88' lang='lat' dir='ltr'>est:</span> <span class='ocrx_word' id='word_1_273' title='bbox 975 2567 1288 2613; x_wconf 84' lang='lat' dir='ltr'>mediocribus</span> <span class='ocrx_word' id='word_1_274' title='bbox 1312 2583 1413 2612; x_wconf 87' lang='lat' dir='ltr'>esse</span> <span class='ocrx_word' id='word_1_275' title='bbox 1437 2565 1588 2628; x_wconf 70' lang='lat' dir='ltr'>poetis</span> 
     </span>
    </p>

    <p class='ocr_par' dir='ltr' id='par_1_34' title="bbox 294 2630 1564 2693">
     <span class='ocr_line' id='line_1_37' title="bbox 294 2630 1564 2693; baseline -0.002 -13"><span class='ocrx_word' id='word_1_276' title='bbox 294 2634 406 2681; x_wconf 92' lang='lat' dir='ltr'>Non</span> <span class='ocrx_word' id='word_1_277' title='bbox 431 2634 663 2693; x_wconf 81' lang='lat' dir='ltr'>homineS,</span> <span class='ocrx_word' id='word_1_278' title='bbox 687 2650 781 2680; x_wconf 94' lang='lat' dir='ltr'>non</span> <span class='ocrx_word' id='word_1_279' title='bbox 806 2633 871 2692; x_wconf 83' lang='lat' dir='ltr'>di,</span> <span class='ocrx_word' id='word_1_280' title='bbox 896 2650 990 2680; x_wconf 89' lang='lat' dir='ltr'>non</span> <span class='ocrx_word' id='word_1_281' title='bbox 1016 2630 1295 2679; x_wconf 66' lang='lat' dir='ltr'>concessere</span> <span class='ocrx_word' id='word_1_282' title='bbox 1319 2632 1564 2678; x_wconf 83' lang='lat' dir='ltr'>columnae.</span> 
     </span>
    </p>

    <p class='ocr_par' dir='ltr' id='par_1_35' title="bbox 293 2698 1931 2773">
     <span class='ocr_line' id='line_1_38' title="bbox 293 2698 1931 2773; baseline -0.004 -27"><span class='ocrx_word' id='word_1_283' title='bbox 293 2698 358 2746; x_wconf 89' lang='lat' dir='ltr'>Ut</span> <span class='ocrx_word' id='word_1_284' title='bbox 383 2709 537 2761; x_wconf 83' lang='lat' dir='ltr'>gratas</span> <span class='ocrx_word' id='word_1_285' title='bbox 562 2700 680 2746; x_wconf 88' lang='lat' dir='ltr'>inter</span> <span class='ocrx_word' id='word_1_286' title='bbox 704 2715 890 2746; x_wconf 90' lang='lat' dir='ltr'>mensas</span> <span class='ocrx_word' id='word_1_287' title='bbox 914 2698 1188 2760; x_wconf 87' lang='lat' dir='ltr'>symphonia</span> <span class='ocrx_word' id='word_1_288' title='bbox 1207 2698 1400 2755; x_wconf 86' lang='lat' dir='ltr'>discors,</span> <span class='ocrx_word' id='word_1_289' title='bbox 1922 2750 1931 2773; x_wconf 36' lang='grc' dir='ltr'><strong>Ἃ</strong></span> 
     </span>
    </p>

    <p class='ocr_par' dir='ltr' id='par_1_36' title="bbox 293 2762 1936 2826">
     <span class='ocr_line' id='line_1_39' title="bbox 293 2762 1936 2826; baseline 0 -15"><span class='ocrx_word' id='word_1_290' title='bbox 293 2764 358 2811; x_wconf 84' lang='lat' dir='ltr'>Et</span> <span class='ocrx_word' id='word_1_291' title='bbox 372 2780 580 2810; x_wconf 89' lang='lat' dir='ltr'>crassum</span> <span class='ocrx_word' id='word_1_292' title='bbox 605 2774 916 2826; x_wconf 86' lang='lat' dir='ltr'>unguentum,</span> <span class='ocrx_word' id='word_1_293' title='bbox 937 2774 983 2811; x_wconf 92' lang='lat' dir='ltr'>et</span> <span class='ocrx_word' id='word_1_294' title='bbox 1007 2764 1156 2810; x_wconf 87' lang='lat' dir='ltr'>Sardo</span> <span class='ocrx_word' id='word_1_295' title='bbox 1179 2778 1288 2807; x_wconf 90' lang='lat' dir='ltr'>cum</span> <span class='ocrx_word' id='word_1_296' title='bbox 1312 2762 1450 2808; x_wconf 87' lang='lat' dir='ltr'>melle</span> <span class='ocrx_word' id='word_1_297' title='bbox 1469 2778 1669 2825; x_wconf 87' lang='lat' dir='ltr'>papaver</span> <span class='ocrx_word' id='word_1_298' title='bbox 1769 2763 1869 2810; x_wconf 82' lang='lat'>375</span> <span class='ocrx_word' id='word_1_299' title='bbox 1926 2781 1936 2811; x_wconf 63' lang='lat'>»3</span> 
     </span>
    </p>

    <p class='ocr_par' dir='ltr' id='par_1_37' title="bbox 294 2827 1474 2892">
     <span class='ocr_line' id='line_1_40' title="bbox 294 2827 1474 2892; baseline -0.002 -17"><span class='ocrx_word' id='word_1_300' title='bbox 294 2829 573 2888; x_wconf 86' lang='lat' dir='ltr'>Offendunt,</span> <span class='ocrx_word' id='word_1_301' title='bbox 598 2840 778 2892; x_wconf 89' lang='lat' dir='ltr'>poterat</span> <span class='ocrx_word' id='word_1_302' title='bbox 802 2831 911 2876; x_wconf 90' lang='lat' dir='ltr'>duci</span> <span class='ocrx_word' id='word_1_303' title='bbox 935 2830 1044 2891; x_wconf 89' lang='lat' dir='ltr'>quia</span> <span class='ocrx_word' id='word_1_304' title='bbox 1067 2844 1202 2875; x_wconf 87' lang='lat' dir='ltr'>coena</span> <span class='ocrx_word' id='word_1_305' title='bbox 1225 2828 1325 2874; x_wconf 89' lang='lat' dir='ltr'>sine</span> <span class='ocrx_word' id='word_1_306' title='bbox 1350 2827 1449 2874; x_wconf 88' lang='lat' dir='ltr'>istis</span> <span class='ocrx_word' id='word_1_307' title='bbox 1463 2845 1474 2884; x_wconf 86' lang='lat'><em>3</em></span> 
     </span>
    </p>

    <p class='ocr_par' dir='ltr' id='par_1_38' title="bbox 297 2892 1557 2956">
     <span class='ocr_line' id='line_1_41' title="bbox 297 2892 1557 2956; baseline -0.002 -14"><span class='ocrx_word' id='word_1_308' title='bbox 297 2895 379 2942; x_wconf 85' lang='lat' dir='ltr'>Sic</span> <span class='ocrx_word' id='word_1_309' title='bbox 403 2895 571 2941; x_wconf 88' lang='lat' dir='ltr'>animis</span> <span class='ocrx_word' id='word_1_310' title='bbox 595 2905 756 2942; x_wconf 89' lang='lat' dir='ltr'>natum</span> <span class='ocrx_word' id='word_1_311' title='bbox 782 2896 1114 2956; x_wconf 91' lang='lat' dir='ltr'>inventumque</span> <span class='ocrx_word' id='word_1_312' title='bbox 1136 2896 1306 2955; x_wconf 77' lang='lat' dir='ltr'>poema</span> <span class='ocrx_word' id='word_1_313' title='bbox 1323 2892 1557 2955; x_wconf 89' lang='lat' dir='ltr'>juvandis,</span> 
     </span>
    </p>

    <p class='ocr_par' dir='ltr' id='par_1_39' title="bbox 296 2958 1605 3088">
     <span class='ocr_line' id='line_1_42' title="bbox 296 2958 1511 3022; baseline -0.005 -13"><span class='ocrx_word' id='word_1_314' title='bbox 296 2961 350 3009; x_wconf 85' lang='lat' dir='ltr'>Si</span> <span class='ocrx_word' id='word_1_315' title='bbox 371 2958 563 3022; x_wconf 74' lang='lat' dir='ltr'>paulum</span> <span class='ocrx_word' id='word_1_316' title='bbox 589 2977 615 3007; x_wconf 89' lang='lat' dir='ltr'>a</span> <span class='ocrx_word' id='word_1_317' title='bbox 638 2976 820 3008; x_wconf 90' lang='lat' dir='ltr'>summo</span> <span class='ocrx_word' id='word_1_318' title='bbox 844 2961 1073 3019; x_wconf 85' lang='lat' dir='ltr'>discessit,</span> <span class='ocrx_word' id='word_1_319' title='bbox 1100 2958 1244 3020; x_wconf 86' lang='lat' dir='ltr'>vergit</span> <span class='ocrx_word' id='word_1_320' title='bbox 1268 2959 1325 3003; x_wconf 87' lang='lat' dir='ltr'>ad</span> <span class='ocrx_word' id='word_1_321' title='bbox 1351 2959 1511 3004; x_wconf 89' lang='lat' dir='ltr'>imum.</span> 
     </span>
     <span class='ocr_line' id='line_1_43' title="bbox 360 3023 1605 3088; baseline -0.002 -15"><span class='ocrx_word' id='word_1_322' title='bbox 360 3026 546 3073; x_wconf 89' lang='lat' dir='ltr'>Ludere</span> <span class='ocrx_word' id='word_1_323' title='bbox 569 3026 647 3087; x_wconf 92' lang='lat' dir='ltr'>qui</span> <span class='ocrx_word' id='word_1_324' title='bbox 671 3027 838 3085; x_wconf 88' lang='lat' dir='ltr'>nescit,</span> <span class='ocrx_word' id='word_1_325' title='bbox 863 3025 1200 3088; x_wconf 87' lang='lat' dir='ltr'>campestribus</span> <span class='ocrx_word' id='word_1_326' title='bbox 1224 3023 1425 3071; x_wconf 89' lang='lat' dir='ltr'>abstinet</span> <span class='ocrx_word' id='word_1_327' title='bbox 1449 3023 1605 3085; x_wconf 64' lang='lat' dir='ltr'>armiS,</span> 
     </span>
    </p>

    <p class='ocr_par' dir='ltr' id='par_1_40' title="bbox 296 3087 1936 3153">
     <span class='ocr_line' id='line_1_44' title="bbox 296 3087 1936 3153; baseline -0.003 -14"><span class='ocrx_word' id='word_1_328' title='bbox 296 3092 613 3153; x_wconf 87' lang='lat' dir='ltr'>Indoctusque</span> <span class='ocrx_word' id='word_1_329' title='bbox 637 3091 741 3153; x_wconf 87' lang='lat' dir='ltr'>pilae</span> <span class='ocrx_word' id='word_1_330' title='bbox 766 3092 940 3138; x_wconf 88' lang='lat' dir='ltr'>discive</span> <span class='ocrx_word' id='word_1_331' title='bbox 964 3090 1170 3138; x_wconf 87' lang='lat' dir='ltr'>trochive</span> <span class='ocrx_word' id='word_1_332' title='bbox 1193 3089 1407 3150; x_wconf 87' lang='lat' dir='ltr'>quiescit,</span> <span class='ocrx_word' id='word_1_333' title='bbox 1769 3087 1867 3136; x_wconf 81' lang='lat'>380</span> <span class='ocrx_word' id='word_1_334' title='bbox 1912 3103 1936 3151; x_wconf 46' lang='grc' dir='ltr'>ᾖ</span> 
     </span>
    </p>

    <p class='ocr_par' dir='ltr' id='par_1_41' title="bbox 295 3152 1929 3220">
     <span class='ocr_line' id='line_1_45' title="bbox 295 3153 1356 3220; baseline -0.002 -15"><span class='ocrx_word' id='word_1_335' title='bbox 295 3157 373 3206; x_wconf 88' lang='lat' dir='ltr'>Ne</span> <span class='ocrx_word' id='word_1_336' title='bbox 398 3157 557 3220; x_wconf 85' lang='lat' dir='ltr'>spissae</span> <span class='ocrx_word' id='word_1_337' title='bbox 575 3156 720 3204; x_wconf 89' lang='lat' dir='ltr'>risum</span> <span class='ocrx_word' id='word_1_338' title='bbox 743 3157 905 3204; x_wconf 87' lang='lat' dir='ltr'>tollant</span> <span class='ocrx_word' id='word_1_339' title='bbox 927 3153 1119 3219; x_wconf 66' lang='lat' dir='ltr'>impune</span> <span class='ocrx_word' id='word_1_340' title='bbox 1144 3170 1328 3203; x_wconf 82' lang='lat' dir='ltr'>coronae</span> <span class='ocrx_word' id='word_1_341' title='bbox 1347 3171 1356 3202; x_wconf 89' lang='lat'>:</span> 
     </span>
    </p>
   </div>
  </div>
 </body>
</html>
