1976 3432
759 282 809 329 Q.
839 263 1080 324 Hostem-11
1110 284 1315 326 FLAccl

493 398 674 462 Foetus,
697 401 923 450 incolumi
947 403 1168 452 Caesare'?
1201 405 1304 467 quis
1327 405 1436 453 ferae

754 467 938 515 Bellum
963 479 1095 517 curet
1117 467 1319 519 Iberiae'!

491 532 668 580 Condit
689 535 882 597 quisque
905 535 1029 582 diem
1055 537 1252 584 collibus
1274 537 1323 584 in
1347 532 1462 599 suis,

408 635 413 641 .
492 598 555 645 Et
578 599 718 646 vitem
743 601 906 648 viduas
929 602 1060 649 ducit
1083 603 1142 649 ad
1167 603 1382 663 arbores:

494 664 626 712 Hinc
651 667 710 712 ad
734 667 842 713 vina
863 668 984 714 redit
1005 668 1155 727 laetus,
1179 678 1226 716 et
1251 669 1406 716 alteris

753 732 829 779 Te
854 735 1027 780 mensis
1052 735 1242 781 adhibet
1265 735 1434 781 deum:

490 796 567 843 Te
591 797 738 844 multa
761 815 916 861 prece,
940 808 986 861 te
1011 801 1303 863 prosequitur
1327 815 1456 848 mero

491 862 672 910 Defuso
693 865 890 926 pateris3
925 875 973 912 et
996 866 1196 913 Laribus
1217 873 1349 913 tuum

490 928 664 976 Miscet
686 946 880 992 numen,
905 932 972 978 uti
995 932 1182 979 Graecia
1206 931 1413 979 Castoris

752 996 814 1043 Et
837 998 996 1060 magni
1021 1000 1197 1045 memor
1221 998 1459 1047 Herculis.

491 1063 521 1085 “
541 1060 731 1124 Longas
752 1079 782 1109 o
804 1065 1000 1123 utinam,
1025 1065 1121 1111 dux
1135 1065 1281 1126 bone,
1307 1064 1445 1111 ferias

490 1126 690 1174 Praestes
713 1128 956 1191 Hesperiae
973 1131 1015 1176 !''
1052 1130 1254 1177 dicimus
1277 1131 1460 1194 integro

492 1193 622 1240 Sicci
645 1192 786 1241 mane
812 1196 905 1255 die,
931 1196 1132 1243 dicimus
1156 1196 1298 1256 uvidi,

750 1261 918 1311 Quum
941 1260 1008 1310 sol
1032 1262 1229 1310 Oceano
1252 1262 1424 1309 subest.

930 1522 1069 1570 ODE
1103 1524 1162 1572 V.

849 1639 915 1670 AD
939 1620 1239 1671 APOLLrNEm

490 1723 638 1783 Dum,
661 1738 799 1786 quem
822 1723 975 1786 proles
999 1722 1185 1771 Niobea
1207 1740 1391 1788 magnae

490 1791 745 1837 Vindicem
769 1790 960 1852 linguae,
987 1789 1245 1852 Tityosque
1269 1800 1439 1854 raptor,

491 1856 665 1915 Sensit,
689 1865 737 1903 et
759 1855 917 1917 Trojae
940 1853 1084 1919 prope
1110 1857 1254 1904 victor
1277 1857 1381 1903 altae

750 1921 949 1968 Phthius
974 1922 1201 1982 Achilles,

489 1988 686 2036 Caeteris
709 1988 870 2051 major,
896 1988 979 2034 tibi
1002 1988 1137 2034 miles
1160 1988 1308 2052 impar
1321 2005 1333 2046 ;

489 2054 642 2102 Filius
665 2070 931 2117 quanquam
955 2052 1188 2101 Thetidos
1211 2055 1405 2101 marinae

488 2120 735 2168 Dardanas
757 2130 908 2167 turres
931 2129 1141 2182 quateret
1162 2120 1407 2168 tremenda

749 2187 958 2249 Cuspide
981 2202 1198 2249 pugnax:

487 2252 591 2312 Ille,
616 2252 824 2300 mordaci
848 2253 974 2299 velut
996 2253 1088 2299 icta
1112 2252 1232 2300 ferro

487 2318 650 2378 Pinus,
676 2327 755 2365 aut
778 2318 976 2381 impulsa
998 2334 1245 2380 cupressus
1268 2317 1412 2378 Euro,

488 2384 695 2432 Procidit
717 2381 827 2443 late,
851 2384 1096 2446 posuitque
1116 2384 1287 2431 collum
1311 2385 1360 2431 in

748 2449 946 2496 Pulvere
971 2449 1176 2497 Teucro.

430 2524 435 2527 Χ
488 2515 575 2563 Ille
599 2532 710 2575 non,
735 2516 944 2562 inclusus
967 2532 1087 2578 equo
1112 2514 1339 2563 Minervae

489 2583 634 2629 Sacra
656 2582 867 2641 mentito,
893 2579 1014 2628 male
1041 2582 1225 2629 feriatos

488 2647 641 2695 Troas
664 2657 711 2695 et
733 2648 885 2694 laetam
910 2647 1085 2695 Priami
1109 2647 1292 2694 choreis

751 2712 956 2761 Falleret
978 2714 1132 2760 aulam
1155 2729 1164 2759 :

491 2780 585 2825 Sed
610 2778 763 2841 palam
787 2779 935 2842 captis
957 2780 1126 2842 gravis,
1151 2779 1243 2825 heu
1266 2778 1419 2826 nefas!
1455 2778 1573 2826 heu!

489 2844 536 2890 N
541 2846 691 2891 escios
715 2845 799 2891 fari
821 2860 992 2907 pueros
1015 2843 1211 2891 Achivis

489 2910 657 2957 Ureret
682 2909 896 2969 flammis,
921 2910 1060 2957 etiani
1085 2910 1307 2958 latentem

753 2974 918 3022 Matris
942 2976 989 3022 in
1015 2975 1142 3032 alvo;

490 3039 574 3100 Ni,
598 3041 691 3087 tuis
714 3041 862 3088 victus
885 3041 1176 3102 Venerisque
1199 3048 1341 3103 gratae

491 3107 716 3166 Vocibus,
742 3106 899 3153 divum
925 3106 1062 3153 Pater
1086 3106 1326 3154 adnuisset

490 3172 659 3235 Rebus
684 3172 850 3219 AEneae
870 3172 1048 3235 potiore
1071 3172 1237 3219 ductos

748 3237 878 3285 Alite
902 3253 1072 3285 muros.

1802 2319 1862 2368 10

1800 2648 1860 2696 15
