1936 3450
5 0 94 39 ar*
288 5 294 36 z
335 0 343 28 ‘-

272 0 382 131 i&

432 244 445 276 x
783 235 891 276 ARS
922 235 1177 276 POETICA.

291 355 537 403 AEmilium
560 353 689 401 circa
710 354 874 402 ludum
898 354 1027 401 faber
1050 354 1173 401 imus
1195 364 1243 402 et
1267 371 1449 418 ungues

226 420 470 484 Exprimet
492 429 540 467 et
561 420 725 468 molles
748 420 1004 467 imitabitur
1028 434 1118 467 aere
1143 421 1361 483 capillos;

226 487 396 534 Infelix
417 487 571 550 operis
589 487 790 546 summa,
805 486 923 548 ‘quia
944 502 1118 548 ponere
1142 495 1289 534 totum
1354 488 1355 491 ’

224 553 422 600 Nesciet
442 569 452 599 z
488 553 616 600 hunc
640 567 730 614 ego
752 568 844 611 me,
869 551 908 609 sj
930 551 1043 613 quid
1067 569 1350 615 componere
1373 570 1556 616 curem,

224 618 338 667 Non
362 615 515 681 magis
535 634 638 666 esse
662 616 982 680 velirnsquam
1005 634 1147 679 pravo
1170 619 1322 667 vivere
1347 636 1479 681 naso,

225 685 547 749 Spectandum
569 683 715 747 nigris
737 684 902 743 oculis,
927 683 1152 746 nigroque
1177 686 1356 747 capillo.

291 750 475 798 Sumite
499 750 742 797 materiam
767 750 946 809 vestris,
971 750 1051 812 qui
1076 751 1292 811 scribitis,
1319 767 1500 814 aequam

224 817 444 874 Viribus;
481 825 529 864 et
548 826 725 863 versate
750 815 831 862 diu
855 817 966 878 quid
991 811 1110 863 ferre
1133 814 1369 880 recusent,

222 883 358 934 Quid
382 883 565 930 valeant
588 882 796 929 humeri:
834 882 912 928 cui
936 882 1060 929 lecta
1076 893 1292 945 potenter
1318 886 1406 931 erit
1428 902 1519 946 res,

223 948 332 997 Nec
354 949 575 996 facundia
599 949 783 996 deseret
806 949 949 1007 hunc,
975 965 1065 995 nec
1090 949 1272 996 lucidus
1294 951 1422 998 ordo.

288 1015 485 1062 Ordinis
509 1016 611 1061 haec
634 1015 778 1061 virtus
800 1014 888 1061 erit
911 1024 958 1061 et
980 1031 1143 1075 venus,
1169 1025 1248 1063 aut
1272 1033 1360 1078 ego
1384 1018 1532 1078 fallor,

223 1080 289 1130 Ut
307 1082 403 1144 jam
426 1096 557 1127 nunc
583 1081 724 1139 dicat,
744 1080 842 1143 jam
866 1096 998 1127 nunc
1021 1081 1242 1129 debentia
1265 1083 1359 1129 dici

223 1147 452 1209 Pleraque
475 1146 674 1205 differat,
699 1157 746 1193 et
767 1163 974 1208 praesens
998 1147 1047 1193 in
1071 1156 1255 1209 tempus
1277 1149 1472 1196 omittat.
1518 1151 1521 1154 ⁴

291 1213 355 1260 In¹
374 1213 526 1260 verbis
548 1213 689 1259 etiam
713 1212 869 1259 tenuis
892 1222 1151 1274 cautusque
1175 1215 1400 1274 serendis,

223 1280 333 1327 Hoc
357 1288 497 1339 amet,
522 1280 612 1325 hoc
635 1288 825 1341 spernat
846 1279 1060 1341 promissi
1085 1280 1308 1328 carminis
1334 1292 1510 1329 auctor.
1563 1314 1566 1316 -

222 1345 411 1393 Dixeris
433 1342 641 1408 egregie,
666 1354 827 1391 notum
853 1344 892 1390 si
916 1345 1085 1391 callida
1104 1347 1296 1392 verbnm

222 1411 505 1459 Reddiderit
523 1411 745 1473 junctura
768 1427 954 1457 novum.
1026 1412 1077 1458 Si
1102 1410 1217 1458 forte
1245 1424 1439 1460 necesse
1463 1424 1534 1462 est

222 1477 420 1525 Iudiciis
443 1485 701 1524 monstrare
725 1477 994 1524 recentibus
1018 1478 1175 1525 abdita
1198 1495 1370 1539 rerum,

223 1544 428 1606 Fingere
451 1543 673 1591 cinctutis
697 1560 791 1590 non
817 1544 1036 1590 exaudita
1060 1544 1284 1606 Cethegis

222 1610 503 1671 Continget:
539 1610 816 1671 dabiturque
839 1609 1033 1656 licentia
1055 1620 1239 1671 sumpta
1256 1612 1486 1673 pudenter
1509 1629 1518 1659 :

223 1675 287 1723 Et
309 1691 428 1722 nova
451 1674 650 1736 fictaque
673 1691 823 1737 nuper
848 1675 1091 1722 habebunt
1114 1677 1252 1722 verba
1276 1676 1495 1738 fidem‚si

222 1742 393 1789 Graeco
417 1741 542 1788 fonte
566 1741 752 1799 cadant,
774 1739 913 1802 parce
939 1741 1132 1788 detorta.
1201 1742 1335 1791 Quid
1362 1755 1518 1790 autem

224 1807 418 1854 Caecilio
441 1807 697 1868 Plautoque
722 1806 851 1854 dabit
874 1806 1123 1854 Romanus
1146 1809 1415 1870 ademptum

223 1873 422 1936 Virgilio
448 1873 715 1934 Varioque?
747 1889 838 1935 ego
862 1888 965 1932 cur,
988 1873 1228 1937 acquirere
1246 1890 1398 1936 pauca

224 1940 278 1986 Si
301 1954 505 2002 possum,
529 1939 754 1999 invideor,
777 1955 921 2000 quum
944 1939 1107 2002 lingua
1130 1939 1324 1987 Catonis
1347 1950 1394 1987 et
1418 1940 1548 1989 Enni

225 2007 501 2052 Sermonem
524 2004 724 2066 patrium
749 2005 978 2064 ditaverit,
1001 2015 1049 2052 et
1072 2022 1192 2052 nova
1214 2022 1370 2053 rerum

223 2070 434 2119 Nomina
456 2070 730 2133 protulerit?
796 2071 955 2119 Licuit
977 2088 1250 2134 semperque
1273 2073 1434 2121 licebit

224 2138 472 2200 Signatum
495 2146 723 2199 praesente
748 2139 859 2184 nota
882 2138 1140 2200 producere
1164 2155 1351 2186 nomen.

224 2203 286 2251 Ut
308 2203 435 2250 silvae
460 2202 580 2250 foliis
602 2219 774 2265 pronos
797 2213 1036 2250 mutantur
1061 2204 1110 2250 in
1134 2221 1298 2264 annos,

222 2269 381 2316 Prima
404 2268 605 2325 cadunt;
642 2269 707 2315 ita
729 2270 974 2316 verborum
1000 2279 1131 2317 vetus
1155 2271 1312 2318 interit
1335 2281 1462 2331 aetas,

222 2334 287 2382 Et
304 2335 529 2397 juvenum
551 2334 642 2380 ritu
666 2333 832 2382 florent
856 2333 996 2382 modo
1021 2346 1146 2395 nata,
1166 2337 1430 2398 vigentque.

223 2400 463 2448 Debemur
486 2400 622 2446 morti
649 2415 735 2447 nos
758 2411 1032 2462 nostraque3
1070 2401 1165 2448 sive
1184 2414 1400 2465 receptus

223 2466 378 2514 Tertii⁴
402 2464 654 2528 Neptunus
678 2466 852 2512 classes
876 2466 1190 2528 Aquilonibus
1213 2477 1355 2526 arcet,

223 2531 375 2595 Regis
397 2547 541 2593 opus;
577 2530 835 2593 sterilisque
860 2532 941 2578 diu
964 2531 1115 2594 palus,
1140 2543 1336 2595 aptaque
1360 2533 1516 2592 remiS,

188 2622 190 2624 ·
222 2598 419 2646 Vicinas
443 2597 580 2643 urbes
603 2596 684 2643 alit
706 2608 752 2644 et
774 2613 913 2659 grave
938 2598 1078 2645 sentit
1101 2610 1302 2645 aratrum
1323 2615 1334 2655 ;

225 2665 322 2711 Seu
346 2679 535 2710 cursum
560 2663 755 2710 mutavit
778 2663 991 2726 iniquum
1017 2664 1228 2726 frugibus
1252 2665 1419 2724 amnis,

223 2728 405 2777 Doctus
427 2729 513 2776 iter
536 2727 719 2775 melius.
787 2727 1007 2776 Mortalia
1030 2729 1151 2776 facta
1173 2730 1417 2792 peribunt;

225 2794 417 2843 Nedum
441 2809 708 2841 sermonum
734 2803 823 2842 stet
848 2796 1014 2855 honOS,
1039 2804 1087 2843 et
1108 2796 1258 2857 gratia
1281 2796 1427 2844 vivax.

227 2858 380 2906 Multa
400 2869 705 2907 renascentur
727 2875 830 2923 quae
849 2860 946 2923 jam
970 2861 1205 2922 cecidere,
1230 2863 1494 2925 cadentque

224 2925 351 2975 Quae
375 2938 504 2972 nunc
526 2934 636 2972 sunt
659 2925 708 2972 in
733 2927 924 2985 honore,
949 2927 1189 2986 vocabula,
1214 2928 1252 2974 si
1276 2928 1399 2975 volet
1423 2945 1549 2987 usus,

225 2989 387 3042 Quem
408 3005 554 3052 penes
577 2991 818 3039 arbitrium
842 3001 912 3039 est
935 3001 982 3039 et
999 2992 1078 3055 jus
1100 3002 1148 3040 et
1170 3010 1333 3041 norma
1356 2994 1590 3056 loquendi.

292 3054 394 3102 Res
415 3063 559 3117 gestae
581 3071 837 3119 regumque
861 3058 1127 3121 ducumque
1168 3068 1215 3106 et
1236 3060 1385 3107 tristia
1409 3060 1528 3106 bella

224 3119 340 3171 Quo
362 3119 503 3167 scribi
524 3131 715 3182 possent
730 3138 939 3182 numero,
950 3124 1222 3171 monstravit
1246 3125 1495 3172 Homerus.

291 3183 520 3234 Versibus
541 3185 778 3250 impariter
795 3187 973 3252 junctis
995 3189 1287 3252 querimonia
1305 3187 1528 3253 primum,

580 3358 614 3370 χ

1704 241 1797 290 183

1732 559 1797 606 35

1733 888 1796 935 40

1727 2209 1793 2258 60

1728 2536 1791 2597 65,

1700 3190 1850 3237 ,75.
