1976 3432
749 300 799 347 Q.
831 286 1072 342 HoRA'rn
1101 302 1306 366 FLAccr

601 418 815 483 Tempus
838 421 1108 469 Amazonia
1132 421 1287 470 securi

468 483 671 532 Dextras
693 487 918 547 obarmet,
941 504 1148 550 quaerere
1171 488 1329 536 distuli

471 550 602 614 (Nec
626 551 746 598 scire
772 552 840 598 fas
865 562 936 600 est
957 554 1170 624 omnia):
1206 555 1290 601 sed
1313 554 1396 602 diu

532 615 745 679 Lateque
769 618 984 665 victrices
1008 629 1222 679 catervae,
1280 659 1283 661 .
1341 639 1343 641 ·

599 683 857 730 Consiliis
840 685 1025 746 juvenis
1049 686 1251 745 revictae,

466 748 670 795 Sensere
695 750 806 811 quid
829 767 964 797 mens
986 749 1093 811 rite,
1118 752 1230 814 q'uid
1239 725 1453 813 indoleS,

464 813 513 860 N
518 815 658 861 utrita
682 815 843 863 faustis
867 817 954 862 sub
975 817 1309 881 penetralibus,

530 879 709 940 Posset,
733 881 845 943 quid
869 883 1076 956 Augusti
1099 892 1323 945 paternus

593 945 651 992 In
675 962 844 1009 pueros
868 949 1053 995 animus
1076 948 1307 996 Nerones.

463 1011 630 1059 Fortes
654 1022 871 1060 creantur
896 1014 1118 1072 fortibus3
1154 1024 1201 1062 et
1224 1015 1364 1063 bonis

461 1077 583 1125 Est
572 1095 619 1124 m
638 1078 870 1141 juvencis,
894 1090 964 1127 est
986 1081 1034 1126 in
1059 1081 1206 1142 equis,
1229 1090 1413 1144 patrum

529 1144 692 1191 Virtus
710 1161 719 1191 :
756 1161 846 1193 nec
869 1146 1304 1194 imbellemferoces

594 1210 915 1273 Progenerant
939 1213 1102 1274 aquilae
1128 1212 1407 1262 columbam.

462 1275 693 1323 Doctrina
716 1278 799 1323 sed
824 1278 915 1325 vim
940 1287 1177 1340 promovet
1199 1279 1404 1340 insitam,

462 1342 701 1405 Rectique
723 1343 875 1393 cultus
898 1353 1087 1406 pectora
1109 1345 1353 1394 roborant:

528 1408 781 1471 Utcunque
806 1409 1024 1456 defecere
1049 1422 1216 1470 mores,

593 1474 879 1524 Indecorant
903 1476 1022 1524 bene
1047 1485 1156 1523 nata
1178 1477 1343 1539 culpae.

461 1539 597 1590 Quid
621 1541 809 1600 debeas,
833 1557 862 1588 o
886 1540 1060 1600 Roma,
1085 1541 1375 1603 Neronibus,

462 1605 622 1653 Testis
646 1605 916 1654 Metaurum
942 1606 1134 1667 flumen,
1158 1618 1205 1656 et
1229 1608 1499 1657 Hasdrubal

526 1671 770 1732 Devictus,
795 1683 842 1720 et
863 1673 1058 1735 pulcher
1083 1674 1254 1736 fugatis

594 1737 680 1785 Ille
705 1739 806 1786 dies
830 1739 965 1786 Latio
988 1740 1211 1799 tenebris,

459 1803 563 1854 Qui
586 1805 763 1867 primus
787 1805 909 1852 alma
931 1806 1031 1852 risit
1054 1807 1240 1865 adorea,

460 1869 604 1917 Dirus
627 1888 707 1933 per
732 1873 872 1919 urbes
897 1872 1012 1919 Afer
1036 1880 1087 1917 ut
1111 1871 1269 1931 Italas,

527 1936 631 1983 Ceu
656 1937 844 1986 flamma
864 1953 946 2003 per
971 1938 1133 1995 taedaS,
1159 1938 1228 1985 vel
1254 1937 1411 1987 Eurus

594 2003 682 2049 Per
709 2004 894 2050 Siculas
917 2003 1140 2064 equitavit
1163 2004 1327 2051 undas.

460 2068 572 2116 Post
595 2069 684 2116 hoc
708 2069 928 2116 secundis
952 2085 1098 2130 usque
1122 2069 1357 2116 laboribus

462 2134 685 2182 Romana
708 2135 857 2197 pubes
881 2135 1042 2193 crevit,
1066 2144 1113 2182 et
1137 2135 1278 2197 impio

526 2201 722 2247 Vastata
745 2201 998 2250 Poenorum
1023 2201 1224 2247 tumultu

590 2266 722 2314 Fana
746 2268 859 2314 deos
883 2265 1089 2313 habuere
1114 2275 1278 2314 rectos,

457 2331 682 2395 Dixitque
716 2333 905 2380 tandem
929 2333 1134 2396 perfidus
1158 2332 1425 2380 Hannibal:

459 2402 487 2423 “
513 2398 669 2458 Cervi,
693 2398 907 2463 luporum
933 2399 1090 2461 praeda
1106 2399 1372 2461 rapacium,

524 2464 771 2511 Sectamur
795 2463 916 2513 ultro
938 2480 1053 2526 quos
1075 2465 1260 2527 opimus

590 2529 772 2577 Fallere
797 2539 843 2577 et
867 2530 1075 2592 effugere
1099 2539 1169 2577 est
1193 2531 1470 2594 triumphus.

456 2596 604 2654 Gens,
628 2612 730 2657 quae
755 2605 961 2643 cremato
985 2596 1112 2642 fortis
1136 2597 1194 2642 ab
1219 2595 1322 2655 Ilio,

455 2661 485 2707 J
489 2671 642 2710 actata
665 2662 840 2708 Tuscis
865 2662 1127 2723 aequoribus
1152 2678 1300 2720 sacra,

521 2724 569 2773 N
574 2738 780 2789 atosque
805 2736 1102 2788 maturosque
1126 2736 1295 2789 patres,

586 2793 783 2839 Pertulit
808 2793 1046 2841 Ausonias
1069 2793 1127 2838 ad
1152 2793 1305 2852 urbes,

454 2857 598 2904 Duris
622 2868 674 2905 ut
697 2859 787 2905 ilex
811 2868 945 2905 tonsa
954 2858 1251 2926 bipennibus

453 2922 515 2969 N
506 2939 615 2984 igrae
641 2924 783 2970 feraci
807 2923 1018 2971 frondis
1008 2940 1056 2971 ln
1081 2923 1271 2997 Algido,

519 2988 609 3034 Per
629 2990 816 3047 damna,
841 3005 922 3051 per
946 2989 1116 3046 coede5‚
1141 2989 1323 3051 abipso

583 3053 730 3100 Ducit
752 3070 863 3116 opes
887 3054 1187 3118 animumque
1212 3054 1345 3102 ferro.

453 3118 564 3167 Non
590 3119 754 3181 Hydra
777 3128 904 3166 secto
927 3135 1118 3183 corpore
1142 3119 1314 3167 firmior

452 3185 596 3234 Vinci
620 3185 856 3231 dolentem
881 3185 1025 3231 crevit
1049 3185 1095 3230 in
1123 3183 1409 3244 Herculem3

518 3250 839 3298 Monstrumve
865 3249 1121 3296 submisere
1146 3249 1312 3302 Colchi
1337 3252 1339 3257 '

585 3315 755 3379 MajuS,
780 3315 1080 3365 Echioniaeve
1104 3315 1298 3366 Thebae.
