1936 3450
597 316 1006 365 EPlsToLARUM
1035 320 1144 364 ΜΒ.
1173 323 1208 363 1.
1229 324 1275 363 a
1657 323 1745 373 151

699 453 1158 557 EPiSTOLAWL

740 624 807 655 An
842 623 1114 656 nummulu-

162 737 167 741 ·
186 702 287 758 Nn,
310 707 529 755 admirari
551 704 699 769 prope
723 723 799 757 res
821 715 896 754 est·
915 723 1027 766 una,
1051 706 1267 766 Numici,

186 775 407 837 Solaque,
431 789 534 835 quae
558 773 705 835 possit
729 773 884 820 facere
908 782 956 821 et
979 789 1164 820 servare
1192 773 1396 820 beatum.

189 841 336 888 Hunc
355 840 498 886 solem
521 849 568 885 et
591 839 744 885 stellas
768 848 815 885 et
837 839 1120 888 decedentia
1141 839 1282 886 certis

188 906 429 968 Tempora
450 905 701 952 momentis
725 914 835 951 sunt
856 905 935 967 qui
960 905 1211 952 formidine
1234 904 1365 952 nullfi

190 970 634 1032 Imbutispectent:
670 970 780 1032 quid
800 986 968 1017 censes
992 970 1187 1017 munera
1210 971 1380 1018 terrae'l
1480 981 1483 982 ’
1715 972 1750 1019 5

184 1038 322 1088 Quid
346 1037 486 1083 maris
510 1046 740 1084 extremos
764 1037 946 1083 Arabas
970 1037 1161 1083 ditantis
1185 1046 1232 1083 et
1255 1037 1435 1084 Indos'l

190 1104 397 1151 Ludicra
418 1102 546 1164 quid,
570 1102 778 1164 plausuS‚
803 1111 851 1148 et
875 1103 1014 1148 amici
1038 1103 1163 1149 dona
1184 1103 1422 1153 Quiritis?

185 1170 303 1220 Quo
328 1169 585 1231 spectanda
609 1168 762 1226 modo,
786 1183 877 1229 quo
901 1183 1043 1215 sensu
1067 1169 1223 1215 credis
1246 1178 1293 1216 et
1316 1169 1430 1216 ore?

186 1235 292 1286 Qui
316 1236 450 1282 timet
474 1235 545 1280 his
568 1234 783 1293 adversa,
804 1232 901 1280 fere
926 1234 1119 1281 miratur
1142 1235 1325 1294 eodem,

185 1301 304 1352 Quo
327 1300 537 1362 cupiens,
560 1309 726 1362 pacto:
761 1316 900 1362 pavor
923 1309 994 1346 est
1017 1301 1262 1361 utrobique
1282 1301 1529 1348 molestus:
1689 1301 1750 1350 10

190 1367 452 1430 Improvisa
474 1366 611 1413 simul
636 1366 818 1427 species
841 1374 1044 1413 exterret
1062 1375 1324 1428 utrumque.

189 1434 422 1491 Gaudeat,
447 1449 508 1478 an
531 1432 709 1488 doleat;
747 1432 919 1494 cupiat,
945 1441 1214 1489 metuatne3
1250 1434 1365 1494 quid
1386 1433 1446 1480 ad
1468 1449 1583 1493 rem,

191 1500 263 1559 Si,
285 1499 508 1561 quidquid
534 1498 646 1544 vidit
669 1498 837 1544 melius
855 1498 1043 1560 pejusve
1067 1499 1152 1544 sua
1177 1514 1274 1560 spe,

190 1565 372 1612 Defixis
393 1565 542 1612 oculis
565 1563 813 1625 animoque
836 1573 883 1610 et
906 1580 1098 1626 corpore
1121 1566 1306 1626 torpet?

192 1630 357 1678 Insani
380 1631 567 1692 sapiens
591 1645 763 1676 nomen
789 1628 919 1689 ferat,
946 1645 1105 1691 aequus
1128 1629 1294 1691 iniqui,
1358 1649 1363 1653 ·
1691 1632 1752 1679 15

191 1695 326 1745 Ultra
347 1695 489 1758 quam
513 1693 625 1742 satis
648 1705 719 1742 est
745 1695 958 1741 virtutem
983 1695 1022 1740 si
1046 1705 1174 1756 petat
1197 1698 1383 1758 ipsam.¹
1692 1703 1697 1709 “

259 1763 283 1809 1
309 1778 452 1821 nunc,
478 1770 741 1824 argentum,
765 1770 812 1807 et
830 1771 1036 1808 'marmor
1060 1770 1208 1820 vetus,
1235 1777 1434 1823 aeraque,
1458 1770 1506 1810 et
1529 1771 1653 1810 artes

192 1829 420 1891 Suspice;
456 1844 565 1874 cum
589 1827 787 1889 gemmis
811 1825 982 1888 Tyrios
999 1827 1176 1874 mirare
1200 1827 1379 1874 colores
1401 1844 1411 1874 z

190 1895 360 1941 Gaude
382 1892 506 1956 quod
531 1902 744 1955 spectant
765 1893 890 1940 oculi
912 1901 958 1939 te
982 1893 1109 1940 mille
1131 1893 1427 1954 loquentem:

189 1961 384 2007 Gnavus
406 1957 544 2006 mane
573 1959 723 2006 forum
745 1968 794 2006 et
818 1959 1106 2024 vespertinus
1128 1969 1234 2021 pete
1259 1968 1436 2006 tectum
1456 1977 1467 2018 ;
1688 1961 1752 2008 20

192 2026 270 2073 Ne
294 2026 399 2088 plus
423 2026 641 2072 frumenti
664 2024 896 2071 dotalibus
918 2034 1091 2072 emetat
1111 2025 1237 2087 agris

193 2092 356 2139 Mutus
376 2108 387 2148 ;
423 2101 484 2151 et,
505 2090 769 2153 indignum,
794 2089 920 2153 quod
944 2091 1003 2138 sit
1024 2083 1259 2153 pejoribus
1282 2100 1427 2151 ortus,

195 2158 292 2204 Hic
315 2157 399 2204 tibi
424 2158 482 2204 sit
504 2156 659 2219 potius
682 2156 822 2219 quam
847 2166 899 2204 tu
923 2157 1148 2204 mirabilis
1173 2157 1251 2204 illi.

189 2223 440 2284 Quidquid
464 2224 552 2269 sub
574 2223 698 2270 terra
723 2232 808 2282 est,
833 2223 881 2270 in
907 2223 1115 2286 apricum
1139 2224 1341 2285 proferet
1365 2232 1506 2282 aetas3

194 2288 414 2336 Defodiet
431 2290 693 2350 condetque
717 2290 927 2336 nitentia.
994 2289 1162 2339 Quum
1187 2290 1307 2335 bene
1331 2298 1493 2340 notum
1687 2291 1753 2338 25

194 2354 409 2402 Porticus
433 2356 651 2417 Agrippae
672 2364 723 2402 et
746 2356 819 2401 via
841 2366 886 2401 te
910 2355 1204 2417 conspexerit
1228 2354 1372 2416 Appi,

195 2419 272 2467 Ire
297 2430 452 2467 tamen
477 2430 620 2467 restat
643 2419 806 2482 Numa
828 2418 920 2481 quo
945 2420 1133 2475 devenit
1157 2429 1204 2466 et
1224 2421 1403 2466 Ancus.

194 2486 250 2533 Si
274 2486 393 2532 latus
416 2495 496 2532 aut
519 2502 655 2532 renes
680 2487 839 2532 morbo
858 2494 1096 2532 tentantur
1121 2495 1276 2543 acuto,

193 2552 372 2602 Quaere
397 2552 554 2613 fugam
579 2551 740 2598 morbi.
811 2548 895 2598 Vis
918 2549 1045 2597 recte
1071 2551 1255 2597 vivere?
1290 2551 1393 2612 quis
1416 2553 1541 2599 non'!

196 2618 251 2664 Si
276 2618 421 2664 virtus
446 2619 534 2664 hoc
554 2633 648 2663 una
670 2625 822 2679 potest
845 2613 972 2675 dare,
999 2616 1125 2662 fortis
1144 2617 1329 2664 omissis
1686 2618 1749 2666 30

199 2683 307 2730 Hoc
330 2699 416 2745 age
440 2682 634 2731 deliciis,
704 2682 937 2729 Virtutem
962 2682 1099 2728 verba
1122 2691 1271 2744 putes,
1298 2690 1348 2728 ut

199 2749 380 2795 Lucum
406 2748 567 2811 ligna?
602 2764 716 2794 cave
742 2764 801 2795 ne
825 2757 983 2810 portus
1004 2757 1205 2809 occupet
1229 2747 1360 2807 alter,

200 2813 278 2859 Ne
302 2815 584 2877 Cibyratica,
610 2830 669 2860 ne
695 2813 896 2875 Bithyna
921 2813 1108 2875 negotia
1130 2814 1310 2875 perdas.

201 2878 334 2926 Mille
357 2881 530 2927 talenta
554 2881 880 2937 totunderunt,
904 2879 1097 2925 totidem
1122 2878 1292 2936 altera3
1328 2877 1466 2941 porro
1489 2889 1538 2927 et

200 2944 366 2990 Tertia
383 2946 654 3004 succedant,
677 2955 724 2991 et
746 2960 849 3007 quae
871 2960 977 3006 pars
999 2944 1194 3005 quadret
1217 2960 1448 2991 acervum.
1689 2946 1754 2992 35

201 3009 397 3057 Scilicet
420 3007 610 3057 uxorem
633 3026 742 3057 cum
766 3012 889 3068 dote,
914 3009 1164 3071 fidemque,
1188 3020 1235 3056 et
1258 3011 1450 3069 amicos,

203 3074 265 3120 Et
288 3090 453 3136 genus,
477 3085 524 3122 et
546 3075 756 3134 formam,
779 3076 942 3138 regina
965 3075 1167 3137 pecunia
1190 3076 1355 3122 donat:

203 3141 279 3186 Ac
304 3142 423 3187 bene
447 3151 736 3187 nummatum
761 3142 950 3203 decorat
975 3141 1178 3187 Suadela
1203 3141 1471 3202 Venusque.

204 3203 456 3268 Mancipiis
480 3206 685 3267 locuples
708 3217 815 3268 eget
838 3206 941 3252 aeris
964 3206 1300 3268 Cappadocum
1327 3221 1433 3252 rex:

205 3269 282 3317 Ne
307 3271 446 3318 fueris
469 3271 545 3317 bic
563 3280 627 3317 tu.
696 3270 981 3331 Chlamydes
1003 3270 1247 3330 Lucullus,
1273 3280 1322 3317 ut
1346 3271 1495 3329 aiunt,
1690 3269 1755 3318 40
