1976 3432
718 194 1050 266 cAnmNUM
1079 208 1189 249 ΜΒ.
1218 208 1302 249 111.

802 362 808 365 ’
843 392 984 441 ODE
1016 381 1156 443 xlv,

764 532 783 560 ‚⁹
817 462 887 541 An
908 455 1196 555 TssLni’HUM.

572 589 837 640 QUANTUM
860 590 1001 636 distet
1025 589 1083 636 ab
1107 589 1288 638 Inacho

311 657 514 716 Codrus,
536 673 621 720 pro
641 656 793 718 patria
816 670 911 710 mn
935 656 1126 712 timidus
1150 657 1284 717 mori,

574 721 622 768 Ν
628 738 772 781 arraS,
791 731 843 768 ·et
865 738 1023 785 genus
1041 721 1199 782 AEaci,

310 788 374 837 Et
394 797 603 852 pugnata
626 804 759 852 sacro
783 788 904 834 bella
927 788 1016 833 sub
1039 786 1155 834 Ilio:
1201 789 1203 795 ⁴

570 855 686 905 Quo
709 853 883 900 Chium
907 854 1057 917 pretio
1080 854 1252 900 cadum

310 920 600 978 Morcemur,
625 920 731 981 quis
753 935 921 981 aquam
945 920 1174 981 temperet
1198 919 1405 982 ignibus,

572 986 688 1036 Quo
710 986 947 1048 praebente
972 986 1163 1049 domum
1188 995 1236 1032 et
1257 985 1403 1048 quota

309 1052 519 1115 Pelignis
543 1068 729 1098 caream
754 1051 1018 1113 frigoribus,
1042 1060 1185 1098 taces.

572 1117 648 1164 Da
671 1117 820 1164 Lunae
844 1115 1039 1179 propere
1065 1133 1213 1176 novae,
1287 1164 1289 1166 .
1332 1126 1344 1134 ”

309 1182 578 1232 DaNoctis
601 1183 786 1242 mediae,
811 1183 886 1242 da,
910 1199 1042 1244 puer,
1067 1183 1258 1245 auguris

573 1248 816 1296 Murenae:
852 1249 1001 1295 tribus¹
1023 1258 1104 1295 aut
1127 1264 1294 1311 novem

309 1314 574 1364 Miscentur
598 1315 780 1376 cyathis
803 1315 974 1377 pocula
997 1315 1270 1361 commodis.

570 1381 673 1431 Qui
698 1380 862 1427 Musas
880 1390 1006 1427 amat
1029 1380 1246 1442 impares,
1290 1390 1293 1394 '

310 1447 498 1497 Temos
520 1457 590 1494 ter
614 1448 807 1509 cyathos
831 1447 1054 1494 attonitus
1077 1455 1204 1508 petet

559 1513 740 1560 Vates:
775 1521 869 1560 tres
892 1512 1106 1574 prohibet
1128 1526 1268 1575 supra

310 1580 542 1627 Rixarum
565 1588 782 1627 metuens
816 1588 1008 1640 tangere
1031 1578 1211 1638 Gratia,

572 1643 728 1690 Nudis
747 1642 913 1706 juncta
935 1644 1180 1690 sororibus.

311 1710 530 1760 Insanire
549 1710 691 1773 juvat.
750 1710 848 1756 Cur
873 1709 1200 1770 Berecynthiae

572 1775 773 1822 Cessant
796 1774 986 1822 flamina
1008 1774 1168 1821 tibiae‘e

310 1842 409 1890 Cur
431 1841 606 1905 pendet
628 1841 772 1888 tacita
794 1840 949 1888 fistula
972 1856 1082 1887 cum
1106 1840 1238 1902 lyra?

571 1907 829 1954 Parcentes
849 1922 938 1969 ego
961 1906 1175 1954 dexteras

310 1973 433 2021 Odi:
469 1989 634 2035 sparge
658 1989 812 2030 rosas3
849 1972 1008 2022 audiat
1033 1972 1219 2019 invidus

572 2039 855 2086 Dementem
878 2038 1120 2100 strepitum
1145 2037 1318 2100 Lycus,

311 2104 374 2153 Et
395 2105 551 2152 vicina
575 2105 794 2152 seni'non
820 2104 987 2170 habilis
1010 2103 1153 2166 Lyco.

855 2366 994 2414 ODE
1028 2367 1139 2426 XV.

813 2481 876 2511 AD
901 2481 1197 2513 AMPHORAM.

442 2566 489 2614 Ο
512 2580 646 2613 NATA
670 2579 856 2611 mecum
875 2564 1069 2610 consule
1096 2563 1293 2623 Manlio,

443 2634 540 2680 Seu
563 2640 613 2679 tu
637 2630 865 2692 querelas,
890 2629 985 2675 sive
1004 2630 1127 2692 geris
1145 2629 1294 2692 jocos,

509 2698 605 2744 Seu
628 2697 776 2744 rixam
797 2705 846 2742 et
871 2695 1059 2742 insanos
1078 2710 1276 2755 amores,

574 2763 670 2809 Seu
695 2760 896 2820 facilem,
920 2761 996 2823 pia
1019 2770 1151 2819 testa,
1176 2775 1411 2819 somnum,

440 2829 742 2890 Quocunque
766 2827 939 2874 lectum
964 2826 1155 2874 nomine
1179 2825 1438 2887 Massicum

447 2895 630 2952 Servas,
655 2892 827 2940 moveri
853 2892 998 2954 digna
1020 2892 1143 2939 bono
1166 2891 1271 2940 die:

511 2958 778 3016 Descende,
804 2958 1008 3004 Corvino
1028 2957 1240 3019 jubente,

572 3024 790 3071 Promere
815 3023 1108 3086 languidiora
1131 3023 1252 3070 vina.

442 3089 556 3136 Non
581 3090 674 3148 ille,
697 3104 963 3151 quanquam
989 3089 1241 3136 Socraticis
1266 3088 1424 3135 madet

445 3152 766 3213 Sermonibus,
790 3164 836 3201 te
862 3155 1069 3218 negliget
1094 3155 1334 3202 horridus:

1756 210 1816 261 51

1764 1182 1824 1230 10

1764 1511 1823 1559 15

1756 3151 1815 3200 10
