1936 3450
555 266 961 307 EPlSToLARUM
988 266 1097 307 LIB.
1127 266 1162 306 1.
1192 268 1255 307 18.

151 386 257 439 Qui
279 385 411 445 dicit,
420 384 623 445 damat,
648 389 678 411 “
698 386 890 434 Victum
916 387 1037 434 date
1041 387 1069 408 '’
1141 385 1358 433 Succinit
1376 385 1522 434 alter:

153 453 269 500 “Et
291 424 411 498 mihi’
429 452 618 498 dividuo
642 451 843 499 findetur
867 468 1061 499 munere
1084 452 1306 514 quadra.’'

156 519 252 567 Sed
276 510 446 565 tacitus
469 517 600 591 pasci
623 517 663 563 si
687 527 843 580 posset
865 533 1048 577 corvus,
1074 518 1266 565 haberet

155 584 269 632 Plus
291 576 439 647 dapis,
462 592 510 630 et
533 583 643 633 rixae
667 583 813 631 multo
837 584 1009 643 minus,
1034 557 1326 646 invidiaeque.

222 650 539 696 Brundusium
564 664 723 695 comes
746 658 826 696 aut
849 651 1127 697 Surrentum
1164 650 1335 696 ductus
1358 665 1611 710 amoenum,

153 715 259 766 Qui
281 715 488 778 queritur
511 714 715 761 salebras
738 725 785 762 et
808 716 1030 763 acerbum
1055 716 1201 778 frigus
1224 725 1271 762 et
1294 715 1482 778 imbres,

156 782 259 829 Aut
282 782 447 828 cistam
471 780 711 828 effractam
735 790 815 828 aut
837 782 1068 828 subducta
1091 782 1258 828 viatica
1275 782 1439 843 Plorat,

157 847 285 894 Nota
306 848 446 894 refert
471 847 727 893 meretricis
748 848 986 905 acumina,
1012 846 1136 909 saepe
1163 848 1396 907 catellam,

159 911 298 976 Saepe
326 912 649 975 periscelidem
672 923 850 974 raptam
876 914 963 960 sibi
989 913 1178 970 flentis;
1211 911 1277 960 uti
1297 930 1405 960 mox

157 978 303 1026 Nulla
324 979 440 1025 fides
463 978 647 1024 damnis
671 980 879 1040 verisque
904 979 1140 1032 doloribus
1164 979 1296 1026 adsit.

158 1044 266 1092 Nec
289 1045 431 1091 semel
457 1044 615 1090 irrisus
638 1045 1014 1092 triviis-attollere
1039 1053 1170 1092 curat

159 1110 332 1158 Fracto
352 1126 486 1156 crure
504 1110 696 1172 planum
716 1126 729 1167 ;
763 1111 874 1158 licet
897 1111 963 1157 illi
982 1112 1182 1173 plurima
1205 1119 1364 1157 manet

159 1176 390 1239 Lacryma
409 1193 420 1234 ;
455 1192 537 1238 per
561 1186 774 1223 sanctum
795 1177 977 1240 juratus
1000 1178 1128 1224 dicat
1149 1176 1345 1235 Osirim,

159 1246 190 1268 “
216 1243 424 1301 Credite,
448 1258 542 1288 non
568 1241 708 1298 ludo;
745 1244 976 1303 crudeles,
1002 1243 1147 1290 tollite
1171 1242 1437 1289 claudum.''

159 1312 191 1334 “
214 1309 391 1360 Quaere
414 1307 761 1370 peregrinum,''
788 1310 961 1356 vicinia
984 1326 1127 1356 rauca
1149 1309 1384 1355 reclamat.

632 1569 969 1618 EPISTOLA
992 1570 1184 1618 XVIII.

747 1684 813 1715 AD
843 1685 1072 1717 LOLLIUM.

161 1774 218 1820 81
242 1772 362 1819 bene
385 1779 431 1818 te
455 1770 578 1829 novi,
603 1778 799 1828 metues,
822 1769 1057 1815 liberrime
1081 1768 1218 1828 Lolli,

164 1837 431 1886 Scurrantis
454 1836 657 1898 speciem
682 1836 903 1909 praebere,
927 1835 1161 1898 professus
1180 1835 1397 1882 amicum

162 1904 226 1952 Ut
248 1912 458 1950 matrona
476 1902 709 1948 meretrici
733 1902 886 1962 dispar
905 1901 992 1947 erit
1016 1910 1153 1962 atque

163 1969 394 2028 Discolor,
419 1968 564 2015 infido
586 1983 758 2013 scurrae
782 1966 970 2014 distabit
993 1967 1186 2013 amicus.

162 2035 249 2083 Est
274 2035 383 2082 huic
406 2033 641 2080 diversum
666 2033 776 2079 vitio
796 2032 956 2079 vitium
981 2049 1123 2095 prope
1150 2031 1315 2094 majus,

162 2102 406 2164 Asperitas
430 2101 623 2162 agrestis
646 2109 692 2145 et
711 2099 998 2145 inconcinna
1021 2099 1280 2160 gravisque,

163 2166 289 2218 Quae
314 2183 363 2213 se
387 2166 686 2213 commendat
708 2165 844 2211 tonsa
862 2174 986 2222 cute,
1010 2165 1230 2211 dentibus
1253 2173 1390 2221 atr1s3

163 2233 290 2280 Dum
314 2233 410 2279 vult
433 2231 619 2278 libertas
642 2231 735 2277 dici
760 2247 902 2287 mera,
927 2246 1123 2292 veraque
1148 2231 1304 2277 virtus.

163 2299 325 2346 Virtus
347 2307 418 2344 est
442 2298 648 2344 medium
668 2297 880 2343 vitiorum
900 2305 948 2342 et
971 2297 1186 2358 utrinque
1205 2297 1464 2343 reductum.

164 2364 299 2411 Alter
323 2362 371 2410 in
393 2363 665 2424 obsequium
693 2360 799 2423 plus
823 2378 953 2423 aequo
976 2378 1166 2424 pronus,
1191 2371 1238 2409 et
1260 2361 1343 2408 imi

163 2429 355 2478 Derisor
377 2428 503 2486 lecti,
528 2428 596 2474 sic
620 2437 784 2474 nutum
809 2427 963 2473 divitis
988 2429 1158 2485 horret,

165 2496 246 2543 Sic
270 2496 403 2542 iterat
428 2509 580 2551 voces,
605 2502 652 2540 et
675 2493 813 2539 verba
835 2493 1052 2538 cadentia
1073 2493 1208 2551 tollit,

164 2560 227 2608 Ut
248 2576 443 2623 puerum
468 2575 589 2605 saevo
612 2559 775 2605 credas
795 2558 968 2604 dictata
991 2558 1210 2620 magistro

165 2626 405 2684 Reddere,
430 2625 499 2671 vel
524 2634 677 2686 partes
702 2624 893 2670 mimum
915 2631 1112 2669 tractare
1139 2623 1385 2670 secundas.

165 2692 299 2738 Alter
323 2691 496 2738 rixatur
519 2691 578 2736 de
597 2690 704 2736 lana
727 2704 851 2750 saepc
872 2686 1082 2750 caprina,

166 2756 434 2819 Propugnat
457 2756 602 2818 nugis
619 2766 852 2802 armatus:
889 2755 1151 2813 “Scilicet,
1172 2763 1223 2800 ut
1245 2768 1340 2803 non

168 2822 241 2869 Sit
264 2822 377 2868 mihi
400 2822 548 2884 prima
571 2821 702 2880 fides,
728 2831 790 2880 et,
816 2836 923 2866 vere
948 2821 1070 2881 quod
1094 2819 1261 2881 placet,
1282 2829 1332 2866 ut
1355 2836 1453 2874 non

165 2887 356 2934 Acriter
380 2887 587 2943 elatrem,
611 2887 809 2949 pretium
837 2895 946 2932 aetas
971 2886 1114 2931 altera
1137 2886 1337 2932 sordet.''

168 2952 437 3013 Ambigitur
460 2953 570 3014 quid
593 2953 718 2999 enim
738 2954 757 2999 'l
792 2951 957 2998 Castor
981 2951 1100 2997 sciat
1123 2966 1183 2997 an
1207 2950 1431 2998 Dolichos
1449 2950 1576 3014 plus;

168 3016 487 3064 Brundusium
511 3016 694 3064 Minuci
721 3014 886 3064 melius
911 3017 983 3063 via
1001 3015 1160 3076 ducat,
1180 3032 1239 3063 an
1264 3016 1405 3079 Appi.

233 3082 396 3132 Quem
420 3082 644 3129 damnosa
667 3083 846 3141 Venus,
869 3098 1008 3143 quem
1032 3098 1238 3144 praeceps
1263 3083 1364 3129 alea
1386 3082 1548 3141 nudat,

167 3147 329 3195 Gloria
350 3162 487 3208 quem
511 3163 648 3209 supra
670 3147 790 3194 vires
813 3156 861 3194 et
884 3148 1018 3194 vestit
1040 3160 1087 3194 et
1110 3148 1260 3210 ungit,

167 3211 330 3263 Quem
353 3221 482 3260 tenet
503 3212 683 3275 argenti
707 3213 806 3260 sitis
829 3213 1094 3275 importuna
1117 3213 1369 3275 famesque,

1607 268 1718 318 165

1605 495 1612 503 “
1653 518 1722 567 50

1670 2361 1731 2409 10

1672 2689 1732 2737 15

1665 3015 1733 3063 20
