1936 3450
580 261 989 316 EPISTOLARUM
1017 275 1126 316 Lm.
1154 276 1189 316 1.
1221 278 1282 317 ιε.
1312 281 1377 319 14.

681 468 686 476 ‘
703 458 1042 508 EPISTOLA
1086 460 1232 509 XIII.

694 574 762 606 AD
784 574 966 608 VINIUM
987 574 1229 608 ASELLAM.

218 657 294 706 Ur
314 644 691 720 proficissentem
714 655 854 706 docui
877 667 923 705 te
946 656 1071 721 saepe
1095 659 1286 722 diuque,

218 724 437 789 Augusto
458 724 627 779 reddes
649 722 834 788 signata
855 725 1108 783 volumina,
1132 725 1263 786 Vini,

219 790 272 838 Si
297 789 492 851 validus,
511 787 551 835 si
574 789 708 837 laetus
731 790 834 850 erit,
858 790 898 837 si
921 791 1124 852 denique
1148 800 1312 853 poscet
1330 809 1342 850 ;

216 854 296 902 Ne
320 856 474 903 studio
497 857 641 903 nostri
664 870 851 918 pecces,
874 857 1127 918 odiumque
1150 857 1319 905 libellis

219 921 422 969 Sedulus
441 922 659 983 importes
676 923 819 984 opera
837 923 1113 978 vehemente
1138 924 1364 972 minister.

218 987 271 1035 Si
294 996 340 1034 te
365 986 480 1035 forte
506 1003 622 1034 meae
647 988 798 1050 gravis
821 997 925 1035 uret
943 988 1128 1036 sarcina
1151 990 1343 1050 chartae,

216 1053 425 1116 Abjicito
446 1053 617 1116 potiuS‚
641 1052 782 1115 quam
803 1052 898 1116 quo
916 1053 1119 1116 perferre
1134 1054 1313 1116 juberis

217 1119 429 1167 Clitellas
453 1119 577 1166 ferus
599 1119 848 1183 impingas,
874 1121 1129 1181 Asinaeque
1152 1121 1399 1182 paternum

216 1185 494 1249 Cognomen
519 1195 669 1232 vertas
692 1186 741 1232 in
765 1186 925 1245 risum,
950 1196 998 1233 et
1021 1186 1176 1232 fabula
1199 1186 1297 1234 fias,

216 1252 409 1300 Viribus
432 1252 576 1299 uteris
598 1268 680 1314 per
703 1252 863 1310 clivos,
888 1251 1097 1310 flumina,
1122 1252 1282 1300 lamas.

215 1317 380 1366 Victor
402 1318 622 1381 propositi
646 1318 784 1364 simul
810 1334 866 1364 ac
887 1317 1155 1380 perveneris
1179 1318 1307 1378 illuc,

217 1385 299 1433 Sic
320 1384 521 1447 positum
541 1384 745 1431 servabis
766 1400 902 1443 onus,
927 1399 988 1430 ne
1013 1381 1130 1431 forte
1155 1385 1242 1430 sub
1265 1385 1340 1431 ala

215 1449 516 1499 Fasciculum
539 1460 694 1513 portes
717 1451 956 1509 librorum,
980 1459 1031 1496 ut
1050 1450 1251 1496 rusticus
1274 1467 1469 1514 agnum,

215 1515 280 1565 Ut
297 1517 456 1564 vinosa
478 1517 656 1578 glomos
681 1516 858 1563 furtivae
878 1516 1073 1578 Pyrrhia
1094 1516 1231 1577 lanae,

215 1582 280 1631 Ut
297 1599 405 1630 cum
428 1582 597 1645 pileolo
619 1583 768 1630 soleas
791 1583 989 1629 conviva
1011 1582 1207 1629 tribulis.

214 1648 292 1698 Ne
315 1647 462 1712 vulgo*
480 1665 642 1696 narres
664 1658 710 1695 te
733 1648 972 1695 sudavisse
996 1649 1191 1695 ferendo
1313 1706 1323 1714 ,

215 1716 439 1764 Carmina
460 1730 564 1777 quae
586 1715 765 1778 possint
786 1714 949 1762 oculos
972 1730 1197 1775 auresque
1221 1715 1391 1762 morari

214 1782 438 1829 Caesaris:
462 1791 621 1828 oratus
642 1780 790 1827 multa
812 1796 968 1842 prece,
992 1780 1140 1827 nitere
1164 1778 1315 1841 porro.

217 1847 365 1909 Vade,
389 1847 516 1906 vale;
553 1863 666 1895 cave
689 1862 750 1893 ne
773 1846 962 1906 titubeS‚
986 1847 1298 1908 mandataque
1322 1846 1522 1912 frangas.

702 2109 1038 2158 EPISTOLA
1083 2108 1225 2159 XIV.

714 2226 782 2258 AD
804 2226 1041 2260 VILLICUM
1063 2228 1212 2261 SUUM.

211 2310 420 2359 Vrnmcn
444 2309 662 2356 silvarum
686 2318 733 2356 et
755 2310 871 2356 mihi
896 2327 970 2358 me
993 2312 1235 2360 reddentis
1259 2313 1415 2376 agelli,

211 2375 373 2426 Quem
396 2385 448 2422 tu
472 2375 665 2434 fastidis,
691 2375 947 2422 habitatum
970 2378 1174 2440 quinque
1199 2379 1329 2438 focis,
1354 2388 1402 2426 et

211 2441 438 2502 Quinque
464 2441 608 2488 bonos
631 2441 817 2487 solitum
841 2442 1032 2489 Variam
1056 2443 1290 2491 dimittere
1314 2455 1498 2507 patres;

212 2507 476 2565 Certemus,
501 2506 659 2567 spinas
681 2507 900 2553 animone
923 2523 1011 2569 ego
1035 2508 1213 2569 fortius,
1239 2526 1298 2556 an
1322 2519 1373 2557 tu

212 2572 399 2621 Evellas
422 2587 533 2634 agro
547 2588 558 2629 ;
595 2571 826 2619 et'melior
841 2573 909 2638 ¹sit
932 2572 1171 2633 Horatius,
1196 2592 1256 2622 an
1281 2591 1368 2622 rea.

276 2637 358 2685 Me
380 2637 592 2701 quamvis
616 2636 792 2683 Lamiae
815 2637 963 2700 pietas
986 2650 1033 2685 et
1055 2655 1168 2686 cura
1191 2650 1413 2701 moratur,

212 2702 423 2750 Fratrem
448 2702 704 2762 moerentis,
729 2713 860 2765 rapto
883 2704 941 2750 de
966 2705 1103 2751 fratre
1127 2706 1328 2753 dolentis

211 2767 550 2825 Insolabiliter3
585 2778 743 2815 tamen
770 2769 923 2815 isthuc
947 2786 1080 2817 mens
1104 2772 1381 2834 animusque

211 2833 340 2893 Fert,
363 2843 410 2880 et
433 2843 556 2881 amat
578 2834 737 2896 spatiis
759 2835 991 2882 obstantia
1014 2852 1230 2899 rumpere
1254 2838 1470 2886 claustra.

211 2899 346 2946 Rure
368 2915 456 2961 ego
480 2900 727 2959 viventem,
751 2908 802 2946 tu
827 2900 945 2947 dicis
969 2901 1017 2947 in
1042 2903 1172 2959 urbe,
1198 2904 1412 2951 beatum:

211 2964 304 3011 Cui
326 2964 480 3026 placet
502 2965 707 3025 alterius,
732 2981 815 3012 sua
839 2966 1059 3013 nimirum
1083 2977 1154 3014 est
1173 2969 1282 3016 odio
1305 2985 1416 3016 sors».

157 3082 160 3084 ,
213 3029 392 3076 Stultus
416 3038 607 3091 uterque
630 3030 783 3077 locum
809 3030 1091 3079 immeritum
1116 3044 1334 3081 causatur
1359 3033 1547 3096 inique5

211 3093 272 3141 In
296 3094 434 3156 culpa
457 3103 527 3141 est
550 3095 749 3154 animus,
772 3097 852 3158 qui
876 3113 925 3144 se
948 3113 1042 3145 non
1066 3099 1229 3161 effugit
1253 3116 1474 3161 unquam.

210 3158 292 3207 Tu
318 3159 621 3207 mediastinus
643 3161 787 3207 tacite⁴
810 3178 949 3224 prece
974 3179 1080 3210 rura
1101 3166 1309 3226 petebas,

211 3224 358 3273 Nunc
380 3225 542 3271 urbem
564 3235 613 3272 et
634 3226 768 3274 ludos
790 3237 838 3275 et
860 3228 1027 3275 balnea
1051 3230 1231 3277 villicus
1253 3239 1413 3292 optas:

1695 284 1791 334 150

1729 1257 1787 1305 10

1702 1565 1785 1634 *15

1722 2905 1779 2952 10

1717 3232 1777 3279 15
