1936 3450
194 295 288 344 146
732 293 783 341 Q.
813 292 1054 334 HORATII
1082 254 1287 333 FL'ACCIv

318 410 469 465 Quod
493 413 531 460 si
554 429 630 460 me
651 413 852 476 populus
875 413 1124 461 Romanus
1148 410 1266 460 forte
1288 415 1422 475 roget
1444 427 1531 460 cut
1704 406 1721 423 ”
1757 411 1824 462 70

254 479 384 539 Non,
409 489 460 527 ut
482 479 753 542 porticibus,
778 480 847 527 sic
865 480 1057 542 judiciis
1081 479 1205 525 fruar
1228 477 1397 537 isdem,

254 545 363 593 Nec
388 561 553 607 sequar
576 542 657 592 aut
679 545 855 608 fugiam
878 562 982 608 quae
1005 545 1170 607 deligit
1193 545 1291 607 ipse
1314 544 1385 591 vel
1408 542 1507 592 odit
1521 560 1536 591 ·.·.

253 610 384 658 Olim
407 613 530 673 quod
554 612 715 674 vulpes
739 621 909 675 aegroto
932 620 1070 658 cauta
1092 611 1217 657 leoni

192 683 194 685 ’
254 677 537 741 Respondit,
563 678 759 725 referam
779 695 789 725 ε
827 682 855 702 “
871 678 1002 727 Quia
1025 693 1102 723 me
1126 676 1320 738 vestigia
1342 684 1534 736 terrent,

253 744 430 791 Omnia
452 753 498 790 te
523 745 769 790 adversum
795 744 1071 806 spectantia,
1096 743 1224 789 nulla
1248 740 1546 789 retrorsum.''
1759 742 1827 789 75

254 810 420 858 Bellua
439 810 689 856 multorum
713 825 764 856 es
786 810 994 872 capitum
1013 826 1023 855 ε
1059 825 1167 855 narn
1187 808 1298 870 qnid
1318 809 1525 869 sequar‘l·
1551 815 1632 855 aut
1652 822 1792 870 quem
1805 807 1828 854 ‘l'

253 876 368 922 Pars
393 876 634 926 hominum
657 876 798 938 gestit
820 876 1085 922 conducere
1108 871 1327 936 publica:
1358 882 1469 920 sunt
1491 874 1573 936 qui

255 942 438 988 Crustis
462 950 508 988 et
530 941 680 1003 pomis
703 942 866 988 viduas
890 950 1118 987 venentur
1141 956 1320 999 avaras,

254 1008 599 1070 Excipiantque
624 1023 761 1054 senes
784 1023 899 1068 quos
924 1007 972 1053 in
996 1007 1168 1053 vivaria
1190 1006 1408 1053 mittant:

254 1073 422 1120 Multis
445 1073 631 1120 occulto
655 1074 824 1120 crescit
848 1089 922 1119 res
947 1073 1135 1119 foenore.
1210 1070 1387 1119 Verum
1761 1070 1833 1119 8ss

254 1139 386 1199 Esto,
411 1139 513 1185 aliis
538 1140 650 1185 alios
674 1140 813 1186 rebus
838 1139 1094 1200 studiisque
1118 1138 1294 1195 teneri3
1596 1155 1599 1157 ·

256 1205 408 1252 Iidem
433 1206 598 1252 eadem
621 1214 816 1267 possunt
839 1206 998 1252 horam
1023 1205 1191 1251 durare
1214 1199 1463 1266 probantes
1482 1203 1503 1251 'l

256 1271 482 1318 “Nullus
502 1273 550 1318 in
574 1271 687 1318 orbe
710 1271 840 1317 sinus
863 1271 990 1317 Baiis
1013 1271 1236 1332 praelucet
1259 1269 1504 1329 amoenis,'’

256 1339 308 1385 si
333 1338 449 1384 dixit
472 1338 616 1396 dives,
641 1338 772 1389 lacus
796 1345 842 1383 et
865 1353 991 1383 mare
1017 1337 1158 1383 sentit
1181 1351 1387 1383 amorem

254 1404 546 1451 Festinantis
570 1404 698 1461 heri3
735 1403 813 1449 cui
837 1403 875 1449 si
899 1403 1063 1449 vitiosa
1085 1402 1231 1449 libido
1762 1398 1832 1448 85

255 1470 445 1518 Fecerit
468 1469 747 1532 auspicium,
773 1485 876 1515 cras
902 1469 1184 1515 ferramenta
1207 1467 1465 1514 Theanum

255 1536 470 1595 Tolletis,
496 1536 626 1582 fabri.
697 1535 871 1582 Lectus
894 1535 1094 1597 genialis
1119 1534 1170 1580 in
1191 1534 1299 1580 aula
1323 1534 1429 1580 est'?

255 1602 341 1651 Nil
366 1603 430 1649 ait
453 1618 554 1648 esse
573 1602 717 1664 prius,
743 1602 910 1648 melius
934 1601 1000 1647 nil
1026 1601 1197 1648 coel'ibe
1216 1600 1344 1657 νὶιᾶς

257 1669 308 1718 Si
334 1685 428 1715 non
452 1678 537 1727 est,
558 1669 683 1731 jurat
707 1669 827 1714 bene
854 1668 964 1714 solis
987 1683 1090 1713 esse
1114 1666 1305 1712 maritis.

252 1735 368 1785 Quo
389 1743 578 1781 teneam
604 1734 756 1781 vultus
780 1742 1042 1780 mutantem
1064 1733 1231 1779 Protea
1254 1731 1418 1778 nodo?
1764 1729 1834 1777 90

253 1800 388 1851 Quid
412 1802 620 1863 pauper?
655 1801 787 1848 ride:
823 1809 972 1846 mutat
995 1798 1255 1856 coenacula,
1280 1799 1442 1858 lectos,

255 1866 450 1926 Balnea,
474 1876 710 1923 tonsores3
748 1867 984 1914 conducto
1007 1862 1194 1926 navigio
1213 1879 1345 1926 aeque

256 1933 469 1985 Nauseat
493 1949 549 1979 ac
573 1933 781 1994 locuples
803 1947 942 1994 quem
966 1931 1097 1978 ducit
1118 1930 1247 1992 priva
1270 1928 1485 1991 triremis.
1558 1947 1565 1955 ·

323 2000 375 2045 Si
400 2008 609 2045 curtatus
633 1998 850 2060 inaequali
874 2008 1061 2045 tonsore
1085 1996 1277 2059 capillos
1354 2042 1356 2045 ,

256 2064 477 2124 Occurri,
502 2065 627 2111 rides
644 2081 660 2111 t
695 2064 733 2110 si
759 2062 876 2112 forte
903 2063 1132 2110 subucula
1154 2077 1285 2124 pexae
1763 2058 1832 2107 95

256 2131 395 2178 Trita
418 2131 579 2177 subest
600 2131 789 2189 tun—icae,
814 2130 891 2176 vel
911 2129 948 2175 si
973 2139 1082 2190 toga
1107 2128 1303 2174 dissidet
1324 2126 1488 2188 impar,

256 2197 422 2245 Rides.
490 2196 642 2254 Quid*
667 2212 773 2242 mea
795 2211 936 2257 quum
962 2205 1141 2268 pugnat
1163 2192 1395 2239 sententia
1419 2205 1611 2248 secum5

255 2262 406 2314 Quod
422 2263 571 2325 petiit,
597 2262 800 2324 spernit3
837 2261 1004 2323 repetit
1026 2260 1150 2322 quod
1174 2274 1322 2320 nuper
1345 2257 1502 2304 omisit
1519 2272 1539 2315 ;.

258 2329 461 2387 AEstuat,
486 2338 533 2375 et
551 2328 654 2374 vitre
680 2327 972 2374 disconvenit
994 2326 1158 2373 ordine
1182 2334 1306 2372 toto
1295 2361 1305 2381 ,
1918 2372 1921 2374 ,

257 2394 669 2454 Diruit,aedif1cat,
695 2402 843 2440 mutat
864 2393 1089 2454 quadrata
1111 2390 1354 2438 rotundis?
1736 2387 1837 2436 100-

257 2460 473 2508 Insanire
496 2470 631 2522 putas
656 2460 882 2507 solemnia
905 2474 995 2516 me,
1021 2473 1173 2519 neque
1198 2457 1338 2515 rides,

258 2526 365 2574 Nec
390 2527 561 2573 medici
587 2526 757 2585 credis,
782 2541 873 2571 nec
897 2524 1124 2571 curatoris
1147 2538 1286 2586 egere

259 2593 305 2639 A
329 2602 526 2654 proetore
548 2592 659 2649 dati,
685 2607 838 2638 rerum
863 2591 1008 2637 tutela
1031 2605 1240 2636 mearum

258 2658 423 2707 Quum
449 2658 527 2716 sis,
552 2666 598 2703 et
621 2673 761 2719 prave
787 2666 966 2703 sectum
992 2653 1297 2713 stomacheris
1319 2653 1380 2700 ob
1403 2665 1617 2713 unguem

259 2722 333 2771 De
357 2733 403 2770 te
427 2697 692 2785 pen'dentis,
715 2732 761 2769 te
785 2722 1088 2799 respicientis·
1099 2720 1252 2766 amici
1737 2715 1832 2764 105

326 2789 403 2835 Ad
429 2805 675 2848 summam,
702 2789 887 2850 sapiens
911 2803 1005 2834 uno
1028 2786 1178 2832 minor
1201 2793 1276 2831 est
1293 2783 1436 2839 Jove3
1473 2782 1618 2842 dives,
1643 2808 1648 2813 κ
1918 2796 1930 2840 1,»

259 2853 417 2913 Liber,
443 2855 711 2914 honoratus,
735 2854 946 2928 pulcher,
970 2869 1054 2899 rex
1075 2851 1276 2912 denique
1299 2863 1496 2911 regum·

260 2917 506 2982 Praecipue
533 2936 691 2980 sanus,
718 2920 808 2967 nisi
831 2934 975 2982 quum
996 2913 1164 2981 pituita
1185 2915 1380 2964 molesta
1402 2922 1489 2961 est.
1557 2935 1560 2938 ·
