1924 3412
654 234 705 281 Q.
736 235 976 276 HORATH
1006 237 1210 301 FLAccr

393 350 566 402 Qualis
589 351 844 414 Lycambae
869 364 1050 418 spretus
1072 356 1221 423 infido
1243 373 1408 421 gener,

658 420 754 466 Aut
778 436 886 468 acer
911 422 1056 470 hostis
1079 422 1272 485 Bupalo.

392 483 491 543 An,
515 483 555 531 si
578 485 682 546 quis
706 495 805 533 atro
828 486 969 534 dente
994 504 1069 534 me
1092 489 1322 550 petiverit,

612 551 615 555 ⁴
654 550 840 599 Inuitus
864 562 915 600 ut
938 553 1060 600 flebo
1082 554 1233 616 puer?

802 813 942 861 ODE
976 815 1089 863 VII.
1162 845 1164 847 >

626 927 692 958 AD
727 927 959 962 POPULUM
992 930 1259 964 ROMANUM.

387 1008 522 1071 Quo,
546 1008 639 1073 quo
665 1010 850 1059 scelesti
874 1013 1043 1061 ruitis?
1077 1023 1158 1062 aut
1181 1031 1265 1062 cur
1284 1016 1497 1067 dexteris

652 1077 888 1140 Aptantur
911 1095 1048 1126 enses
1072 1082 1284 1129 conditi?

387 1141 622 1190 Parumne
647 1145 827 1206 campis
851 1155 988 1207 atque
1013 1144 1238 1208 Neptuno
1262 1165 1400 1211 super

649 1208 827 1257 Fusum
853 1221 924 1258 est
948 1211 1104 1259 Latini
1129 1215 1410 1276 sanguinis?

385 1272 499 1322 Non
523 1284 574 1322 ut
596 1277 820 1337 superbas
845 1277 1013 1324 invidae
1034 1278 1334 1342 Carthaginis

647 1341 896 1389 Romanus
920 1360 1052 1391 arces
1077 1354 1246 1404 ureret,

385 1405 599 1453 Intactus
623 1417 701 1454 aut
726 1408 981 1456 Britannus
1004 1419 1055 1457 ut
1078 1411 1389 1460 descenderet

648 1474 796 1520 Sacra
820 1486 1066 1523 catenatus
1090 1477 1164 1523 via
1184 1494 1195 1534 3

385 1538 482 1584 Sed
505 1546 572 1597 ut,
597 1541 859 1587 secundum
885 1551 989 1588 vota
1013 1543 1308 1603 Parthorum,
1333 1545 1420 1592 sua

645 1605 767 1652 Urbs
791 1607 893 1653 haec
918 1608 1090 1670 periret
1113 1609 1318 1656 dextera.
1474 1671 1476 1673 Ι

381 1669 552 1732 Neque
576 1670 654 1717 hic
678 1671 798 1734 iupis
821 1680 936 1732 mos,
962 1691 1052 1721 nec
1077 1675 1162 1722 fuit
1184 1675 1417 1737 leonibus,

640 1736 897 1800 Nunquam
923 1741 1013 1787 nisi
1036 1741 1085 1788 in
1112 1742 1268 1803 dispar
1294 1743 1416 1790 feris.

383 1800 597 1849 Furorne
621 1819 793 1863 caecuS,
818 1822 876 1852 an
901 1807 1021 1868 rapit
1044 1808 1112 1853 vis
1136 1807 1318 1854 acrior?

646 1870 724 1915 An
749 1871 919 1933 culpa?
954 1889 1227 1934 responsum
1253 1874 1374 1922 date.

383 1933 598 1991 Tacent3
634 1945 680 1982 et
702 1952 784 1982 ora
806 1938 951 1998 pallor
974 1939 1108 1985 albus
1132 1938 1295 1998 inficit,

643 2000 923 2064 Mentesque
948 2004 1174 2066 perculsae
1198 2014 1400 2067 stupent.

383 2065 465 2112 Sic
489 2075 582 2113 est:
618 2069 788 2114 acerba
813 2069 905 2116 sata
930 2070 1174 2118 Romanos
1193 2080 1354 2132 agunt,

642 2133 900 2196 Scelusque
927 2136 1140 2182 fraternae
1166 2137 1313 2196 necis,

380 2196 444 2244 Ut
466 2197 754 2246 immerentis
778 2199 909 2248 fluxit
933 2202 980 2249 in
1005 2211 1174 2248 terram
1201 2202 1345 2249 Remi

639 2265 784 2312 Sacer
808 2268 1055 2330 nepotibus
1078 2279 1227 2315 cruor.

777 2527 916 2575 ODE
950 2529 1092 2577 VIII.

714 2642 780 2673 AD
814 2644 1159 2681 MAECENATEM.

371 2725 594 2776 QUANDO
618 2723 857 2787 repostum
882 2725 1144 2774 Caecubum
1168 2729 1225 2775 ad
1252 2729 1391 2776 festas
1415 2730 1576 2793 dapes,

635 2791 826 2838 Victore
850 2793 983 2840 laetus
1007 2793 1210 2853 Caesare,

372 2854 559 2902 Tecum
585 2857 672 2902 sub
696 2857 805 2915 alta,
832 2858 900 2904 sic
925 2857 1255 2920 bvi-gratum,
1282 2860 1437 2921 domo,

634 2922 778 2968 Beate
805 2921 1060 2982 Maecenas,
1086 2924 1259 2983 bibam,

374 2987 583 3034 Sonante
607 2987 803 3033 mixtum
828 2989 955 3034 tibiis
979 3004 1170 3035 carmen
1189 2989 1304 3051 lyra,

636 3052 745 3099 Hac
770 3052 982 3112 Dorium,
1008 3054 1096 3101 illis
1121 3054 1405 3114 Barbarum;

373 3116 437 3164 Ut
458 3133 623 3181 nuper,
648 3127 781 3164 actus
804 3134 947 3180 quum
973 3119 1089 3167 freto
1113 3119 1383 3183 Neptunius

1703 494 1766 544 15

1696 1615 1757 1664 10

1692 1944 1755 1993 15

1681 2273 1752 2323 20
