1976 3432
738 258 969 300 EPODON
998 258 1184 300 LIBER.

403 379 542 432 Quid
565 380 732 428 attinet
753 389 821 428 tot
841 397 924 428 ora
946 380 1135 427 navium
1159 378 1288 442 gravi

669 446 893 494 Rostrata
914 446 1026 492 duci
1051 447 1257 509 pondere

403 510 586 560 Contra
607 512 812 559 latrones
835 522 973 574 atque
998 512 1209 559 servilem
1237 525 1447 569 manum,

668 578 794 638 Hoc,
818 579 908 626 hoc
931 578 1118 626 tribuno
1141 577 1377 625 militurn?

848 837 988 888 ooE
1004 821 1080 888 'V.

638 955 693 987 IN
718 953 966 986 CANIDIAM
989 954 1294 986 VENEFICAM.

407 1044 437 1066 “
454 1041 551 1099 AT,
573 1056 604 1086 o
627 1040 819 1086 deorum
844 1038 1070 1100 quidquid
1095 1038 1144 1085 in
1169 1038 1288 1085 coelo
1310 1037 1432 1100 regit

669 1105 845 1151 Terras
868 1116 915 1151 et
940 1105 1198 1150 humanum
1222 1105 1400 1166 genus!

403 1173 540 1224 Quid
564 1173 651 1219 iste
675 1172 763 1218 fert
786 1170 1049 1217 tumultus?
1085 1180 1131 1216 et
1153 1171 1265 1231 quid
1288 1170 1501 1217 omnium

674 1237 841 1283 Vultus
865 1237 915 1284 in
939 1251 1087 1283 unum
1111 1252 1185 1283 me
1209 1237 1401 1283 truces?

406 1305 497 1352 Per
520 1305 690 1351 liberos
713 1313 775 1361 te,
800 1303 840 1349 si
866 1312 1027 1349 vocata
1050 1303 1274 1364 partubus

672 1369 857 1415 Lucina
880 1369 1000 1415 veris
1023 1369 1186 1427 adfuit,

406 1437 497 1485 Per
522 1436 646 1483 hoc
635 1452 776 1482 inane
800 1451 1017 1497 purpurae
1042 1435 1205 1493 decus,
1229 1449 1411 1496 precor,

670 1501 760 1547 Per
784 1502 1150 1575 improbaturum
1176 1473 1278 1546 liaec
1302 1500 1485 1560 Jovem,

406 1569 541 1621 Quid
566 1578 618 1614 ut
640 1583 841 1614 noverca
865 1583 939 1613 me
964 1567 1174 1624 intueris,
1200 1575 1280 1612 aut
1304 1563 1371 1613 uti

672 1633 822 1680 Petita
847 1633 967 1680 ferro
993 1605 1207 1679 bellua'l'’

407 1701 473 1749 Ut
496 1702 598 1747 haec
622 1700 840 1746 trementi
863 1709 1056 1760 questus
1078 1715 1176 1757 ore,
1200 1698 1410 1745 constitit

673 1765 943 1827 Insignibus
967 1765 1109 1826 raptis
1132 1779 1263 1838 puer,

406 1833 608 1896 Impube
630 1847 815 1893 corpus,
839 1831 975 1893 quale
1000 1840 1154 1892 posset
1178 1830 1321 1891 impia

670 1897 856 1944 Mollire
882 1896 1126 1943 Thracum
1152 1905 1367 1969 pectora·
1356 1932 1367 1954 ,

408 1965 628 2022 Canidia,
654 1964 871 2010 brevibus
894 1963 1131 2024 implicata
1152 1962 1318 2024 viperis

671 2029 840 2076 Crines
864 2038 910 2075 et
935 2029 1225 2090 incomptum
1250 2036 1408 2090 caput,

410 2098 439 2144 J
444 2098 556 2144 ubet
579 2096 810 2159 sepulcris
833 2094 1078 2156 caprificos
1101 2103 1274 2152 erutaS‚

670 2161 698 2207 J
705 2162 814 2207 ubet
837 2176 1086 2223 cupressos
1110 2160 1345 2218 funebres,

407 2230 471 2278 Et
494 2238 639 2276 uncta
660 2228 807 2289 turpis
830 2243 917 2272 ova
941 2243 1067 2273 ranae
1092 2226 1339 2288 sanguine,

671 2293 975 2354 plumamque
1001 2304 1242 2338 nocturnae
1266 2291 1438 2353 strigis,

409 2361 687 2420 Herbasque
710 2375 825 2419 quas
851 2358 1004 2404 Iolcos
1027 2369 1165 2419 atque
1193 2357 1347 2404 [beria

673 2423 816 2470 Mittit
842 2439 1127 2470 venenorum
1154 2423 1296 2480 ferax,

410 2492 473 2540 Et
494 2507 602 2538 ossa
620 2491 684 2536 ab
706 2505 786 2535 ore
811 2499 941 2551 rapta
960 2489 1133 2550 jejunae
1158 2489 1307 2546 caniS‚

670 2554 895 2601 Flammis
919 2555 1051 2601 aduri
1076 2554 1329 2600 Colchicis.

410 2625 477 2672 At
499 2622 716 2685 expedita
741 2622 945 2682 Sagana,
970 2635 1050 2681 per
1075 2630 1219 2666 totam
1244 2620 1436 2666 domum

675 2688 913 2749 Spargens
937 2685 1198 2732 Avernales
1222 2701 1381 2746 aquas,

410 2756 587 2803 Horret
609 2753 792 2814 capillis
817 2762 867 2798 ut
890 2751 1099 2797 marinus
1123 2753 1299 2813 asperis

675 2818 906 2876 Echinus,
931 2826 1010 2863 aut
1033 2831 1228 2863 currens
1252 2833 1374 2880 aper.

412 2887 599 2935 Abacta
622 2885 754 2930 nulla
780 2883 899 2930 Veia
921 2883 1218 2930 conscientia

672 2949 934 3012 Ligonibus
957 2948 1087 2995 duris
1112 2949 1305 2995 humum

416 3016 750 3075 Exhauriebat,
775 3016 1022 3077 ingemens
1047 3014 1308 3071 laboribus;

672 3079 790 3131 Quo
817 3089 973 3142 posset
996 3079 1198 3126 infossus
1222 3095 1338 3142 puer

412 3148 580 3209 Longo
602 3146 679 3193 die
706 3147 776 3196 bis
798 3155 961 3207 terque
984 3154 1172 3192 mutatae
1196 3146 1328 3207 dapis

673 3210 878 3258 Inemori
901 3210 1196 3272 spectacul03

1731 1631 1794 1679 10

1733 1962 1795 2008 15

1726 2291 1795 2339 20

1724 2948 1792 2994 30
