1936 3450
596 229 938 284 SA‘rnzARUM
967 242 1078 282 Lm.
1106 241 1165 281 11.
1195 242 1234 280 2.
1640 247 1734 295 117
1764 301 1769 303 ‚

166 365 376 414 Incutiat
397 365 481 413 tibi
504 365 616 427 quid
640 371 909 410 sanctarum
924 332 1120 409 inscitia
1140 361 1318 435 legum,

166 433 221 480 Si
242 432 364 478 mala
388 430 687 478 condiderit'
666 447 725 477 in
748 445 887 491 quem
909 428 1013 490 quis
1035 426 1264 486 carmina,
1283 425 1360 488 jus
1383 432 1455 472 est

163 497 197 546 J
199 498 514 560 udiciumque

792 615 1030 646 HORATIUS.

689 690 819 750 Esto,
844 689 883 736 si
904 689 1010 751 quis
1033 687 1182 744 mala3
1218 686 1302 734 sed
1327 685 1448 734 bona
1471 683 1511 731 si
1532 682 1636 745 quis

163 759 336 807 Judice
360 756 625 805 condiderit
646 757 862 803 laudatus
885 755 1091 814 Caesare,
1111 754 1150 800 si
1173 753 1277 815 quis

163 824 439 889 Opprobriis
463 825 659 886 dignum
682 821 929 880 latraverit,
953 818 1135 884 integer
1158 819 1296 882 ipse?
1667 812 1734 861 85

781 944 1046 972 TREBATIUS.

164 1020 414 1069 Solventur
437 1019 534 1066 risu
557 1018 726 1066 tabulae
745 1035 756 1076 ;
794 1026 845 1089 tu
867 1017 1036 1063 missus
1059 1014 1221 1062 abibis,

736 1314 1000 1362 SATIRA
1035 1313 1100 1361 ΙΙ.

165 1418 298 1469 QUAE
321 1417 467 1464 virtus
489 1425 537 1463 et
554 1423 744 1478 quanta,
770 1410 897 1473 boni,
922 1413 981 1461 sit
1005 1413 1157 1461 vivere
1181 1430 1338 1477 parvo,

165 1482 272 1531 Nec
296 1499 429 1530 meus
449 1482 526 1529 hic
550 1498 702 1529 sermo
724 1491 810 1539 est,
836 1453 917 1526 se'd
942 1496 1045 1542 quae
1068 1481 1290 1543 praecepit
1312 1480 1495 1528 Ofellus

164 1546 411 1609 Rusticus,
437 1547 670 1595 abnormis
694 1548 879 1608 sapiens
903 1562 1150 1608 crassaque
1176 1545 1409 1606 Minerva,

164 1614 362 1674 Discite,
386 1631 477 1661 non
505 1614 623 1660 inter
647 1614 806 1659 lances
829 1628 1105 1674 mensasque
1129 1613 1347 1671 nitentes,

162 1681 330 1732 Quum
355 1690 507 1742 stupet
531 1680 708 1727 insanis
732 1678 857 1725 acies
882 1678 1154 1741 fulgoribus,
1178 1687 1226 1725 et
1247 1693 1391 1740 quum
1700 1678 1735 1724 5

166 1746 382 1794 Acolinis
407 1746 532 1792 falsis
556 1746 739 1792 animus
762 1743 956 1790 meliora
980 1753 1192 1801 recusat;

165 1812 347 1860 Verum
371 1811 450 1859 hic
474 1811 695 1873 impransi
719 1825 905 1856 mecum
929 1809 1353 1871 disquirite—Cur
1375 1809 1469 1856 hoc
1483 1810 1570 1856 11-

163 1877 353 1937 Dicam,
373 1879 411 1924 si
430 1886 604 1939 potero.
660 1873 788 1922 Male
815 1878 975 1922 'verum
999 1875 1235 1922 examinat
1257 1875 1410 1923 omnis

164 1944 426 2006 Corruptus
445 1943 602 2005 judex.
661 1941 891 2004 Leporem
916 1950 1139 2000 sectatus,
1164 1957 1343 2004 equove

165 2009 341 2058 Lassus
364 2009 423 2056 ab
442 2008 684 2067 indomito,
711 2007 842 2064 vel,si
870 2007 1090 2055 Romana
1114 2007 1276 2070 fatigat
1334 2007 1335 2010 ’
1676 2006 1737 2054 10

166 2074 339 2123 Militia
362 2084 599 2122 assuetum
623 2074 833 2137 graecari,
858 2089 941 2119 seu
964 2074 1059 2136 pila
1083 2074 1233 2133 velox,

167 2140 380 2189 Molliter
403 2150 639 2187 austerum
664 2140 817 2186 studio
842 2139 1029 2186 fallente
1053 2139 1276 2200 laborem,

167 2208 265 2254 Seu
287 2217 333 2254 te
357 2208 515 2253 discus
538 2207 659 2268 agit3
695 2215 802 2267 pete
827 2205 1073 2252 cedentem
1099 2209 1210 2252 aera
1233 2206 1390 2252 disco:

164 2273 330 2323 Quum
354 2274 482 2320 labor
505 2272 735 2319 extuderit
758 2271 959 2329 fastidia,
984 2271 1154 2332 siccus,
1179 2271 1348 2329 inanis,

169 2339 350 2401 Sperne
375 2339 532 2384 cibum
558 2338 723 2394 vilem;
760 2337 850 2383 nisi
877 2337 1118 2398 Hymettia
1142 2337 1282 2384 mella
1307 2336 1510 2384 Falerno
1676 2336 1735 2382 15

167 2402 247 2450 Ne
273 2404 443 2449 biberis
467 2403 624 2450 diluta.
654 2400 788 2450 Foris
811 2411 882 2448 est
903 2418 1108 2464 promus,
1133 2413 1180 2450 et
1203 2411 1355 2449 atrum

167 2467 442 2515 Defendens
466 2469 618 2530 pisces
643 2468 816 2514 hiemat
841 2483 995 2524 mare,
986 2485 996 2494 ·
1033 2483 1141 2514 cum
1168 2468 1263 2514 sale
1286 2467 1421 2530 panis

167 2534 439 2581 Latrantem
464 2534 754 2584 stomachum
777 2534 894 2579 bene
919 2505 1075 2579 leriiet.
1126 2533 1264 2579 Unde
1289 2542 1438 2595 putas,
1459 2543 1541 2579 aut

166 2599 270 2651 Qut
296 2609 509 2662 partum.
494 2600 512 2635 Ῥ
569 2598 716 2645 Non
706 2615 754 2645 m
779 2614 888 2644 caro
911 2599 1074 2645 nidore
1099 2598 1308 2660 voluptas

169 2666 380 2723 Summa,
406 2665 522 2711 sed
512 2681 560 2711 1n
585 2674 630 2710 te
655 2665 753 2738 ipso
778 2674 861 2710 est
920 2663 998 2709 Tu
1023 2661 1333 2725 pulmentaria
1355 2679 1509 2726 quaere
1670 2663 1735 2711 20

171 2731 423 2777 Sudando:
458 2731 681 2793 pinguem
709 2730 830 2776 vitiis
854 2730 1103 2804 albumque
1128 2745 1219 2776 nec
1243 2739 1410 2789 ostrea,

168 2795 275 2842 Nec
298 2811 472 2859 scarus,
497 2805 576 2843 aut
598 2796 765 2858 poterit
787 2795 1032 2858 peregrina
1051 2795 1213 2857 juvare
1236 2795 1397 2858 lagois.

169 2860 264 2906 Vix
285 2855 441 2907 tamen
466 2862 676 2923 eripiam,
700 2862 850 2923 posito
872 2876 1070 2923 pavone,
1095 2860 1210 2907 velis
1232 2862 1344 2923 quin

171 2925 279 2972 Hoc
301 2924 471 2988 potiuS‚
494 2926 636 3001 quam
659 2926 849 2989 gallina,
873 2935 1055 2988 tergere
1079 2926 1300 2988 palatum,

171 2989 432 3065 Corruptus
458 2992 588 3038 vanis
612 3008 793 3048 rerum3
829 2992 938 3054 quia
961 3000 1128 3038 veneat
1151 3007 1264 3038 auro
1672 2989 1737 3037 25

171 3055 303 3102 Rara
325 3056 436 3113 aviti,
459 3066 506 3103 et
527 3057 653 3119 picta
676 3029 850 3131 pandat
873 3057 1140 3120 spectacula
1163 3056 1328 3104 cauda.

173 3119 425 3181 Tanquam
450 3122 507 3167 ad
531 3137 630 3168 rem
654 3123 849 3170 attineat
871 3123 1138 3184 quidquam.
1208 3122 1340 3168 Num
1362 3120 1563 3168 vesceris
1587 3118 1675 3166 ista

170 3185 332 3236 Quam
357 3186 519 3233 laudas
542 3187 733 3249 pluma?
769 3197 960 3236 coctove
983 3204 1097 3235 num
1122 3188 1255 3235 adest
1279 3188 1425 3234 honor
1448 3185 1607 3232 idem'l
