1936 3450
543 269 951 327 EmsroLARuu
971 269 1087 331 Lm.
1118 270 1152 310 1.
1182 273 1220 310 τ.

184 388 263 436 Ad
289 404 417 436 mare
440 388 697 436 descendet
719 397 846 437 vates
869 397 992 452 tuus,
1017 398 1064 437 et
1087 390 1175 437 sibi
1199 392 1375 453 parcet,

181 454 555 517 Contractusque
575 455 727 530 leget,
718 472 727 481 ·
763 465 826 514 te,
850 455 1002 502 dulcis
1026 456 1192 514 amice,
1217 456 1386 503 reviset
1410 457 1413 460 ’

182 519 304 567 Cum
330 519 578 583 Zephyris,
603 522 641 568 si
665 522 914 580 concedes,
939 529 986 568 et
1010 494 1261 569 hirundine
1284 521 1448 583 prima.

247 585 376 645 Non,
399 602 490 647 quo
513 603 640 633 more
663 587 788 648 pyris
811 587 935 635 vesci
959 585 1160 634 Cadaber
1178 588 1312 649 jubet
1335 588 1518 649 hospes

183 650 263 696 Tu
287 668 362 698 me
387 652 536 699 fecisti
559 653 852 715 locupletem.
911 653 952 678 ‘⁶
978 652 1200 712 Vescere‚
1225 653 1406 699 sodes.’'
1407 677 1466 687 --

1652 273 1748 323 153

1686 651 1750 700 15

181 716 268 762 J
274 733 348 763 am
372 716 482 764 satis
506 719 620 764 est.''
625 745 683 750 —
692 722 722 743 “
738 719 805 764 At
826 728 877 765 tu
899 719 1195 780 quantumvis
1218 719 1372 765 tolle.’'
1373 742 1429 750 —
1431 723 1460 744 “
1485 713 1750 782 Benigubss'
1716 749 1752 758 -

184 785 214 806 “
242 782 387 829 Non
377 784 526 830 invisa
549 784 669 830 seres
686 784 843 846 pueris
866 784 1146 830 munuscula
1169 785 1365 846 parvis.''
1368 813 1425 820 --

182 851 214 872 “
240 848 365 895 Tam
388 859 549 896 teneor
574 850 712 907 dono,
737 865 877 911 quam
902 850 942 896 si
966 850 1170 896 dimittar
1193 853 1436 897 onustus.’'
1437 876 1499 885 —

184 914 299 960 “Ut
321 915 459 961 libet:
495 917 597 962 haec
620 916 772 977 porcis
797 916 935 962 hodie
958 916 1250 962 comedenda
1274 915 1541 978 relinquis.’'

184 979 416 1042 Prodigus
438 990 484 1027 et
508 981 675 1027 stultus
699 981 842 1028 donat
864 996 966 1043 quae
991 982 1167 1043 spernit
1190 990 1237 1028 et
1259 981 1371 1028 odit.

125 1095 132 1101 ,
186 1045 306 1092 Haec
329 1062 462 1109 seges
486 1047 691 1108 ingratos
714 1046 832 1105 tulit,
858 1057 905 1093 et
929 1046 1043 1093 feret
1064 1048 1284 1101 omnibus
1308 1047 1456 1094 annis·

186 1111 272 1158 Vir
300 1112 449 1158 bonus
472 1121 518 1159 et
543 1113 730 1175 sapiens
753 1113 908 1174 dignis
932 1113 997 1159 ait
1019 1128 1122 1159 esse
1146 1120 1361 1175 paratus,

186 1177 292 1223 Nec
316 1188 473 1225 tamen
497 1178 680 1242 ignorat
703 1179 813 1239 quid
838 1179 1011 1225 distent
1035 1194 1126 1225 aera
1148 1179 1335 1242 lupinis.

186 1242 395 1306 Dignum
418 1244 648 1306 praestabo
670 1244 910 1292 me'etiam
935 1260 1017 1306 pro
1042 1244 1178 1291 laude
1203 1244 1437 1292 merentis.

183 1309 333 1359 Quod
357 1310 395 1356 si
420 1326 494 1356 me
518 1310 648 1356 noles
672 1326 866 1372 usquam
891 1309 1149 1370 discedere,
1174 1311 1342 1358 reddes

187 1374 327 1422 Forte
350 1376 486 1435 latus,
511 1377 669 1438 nigros
694 1377 893 1438 angusta
917 1376 1066 1422 fronte
1090 1377 1281 1439 capillos
1295 1393 1307 1434 ;
1541 1385 1576 1411 *²

186 1441 382 1488 Reddes
404 1441 544 1489 dulce
569 1443 720 1503 loqui3
758 1443 926 1488 reddes
948 1443 1100 1488 ridere
1124 1440 1364 1490 decorum.

253 1506 393 1554 Forte
418 1524 501 1570 per
523 1508 770 1570 angustam
794 1508 949 1555 tenuis
972 1509 1183 1554 nitedula
1205 1509 1370 1555 rimam

188 1572 420 1635 Repserat
442 1573 491 1620 in
516 1589 755 1620 cumeram
780 1574 999 1620 frumenti
1019 1590 1030 1630 3
1065 1583 1287 1636 pastaque
1310 1589 1470 1623 rursus

188 1637 264 1684 Ire
290 1639 413 1685 foras
436 1640 574 1701 pleno
598 1640 823 1686 tendebat
846 1655 1038 1726 corpore
1062 1641 1245 1686 frustra.

188 1703 281 1750 Cui
306 1705 504 1751 mustela
527 1705 740 1767 procul‚‘
748 1705 834 1752 ‘Si
858 1705 954 1764 vis‚'
961 1705 1077 1764 ’ait,
1103 1706 1361 1769 “effugere
1385 1705 1575 1766 isthinc,

188 1768 353 1816 Macra
375 1786 540 1817 cavum
559 1779 745 1832 repetes
769 1781 965 1829 arctum,
989 1786 1128 1832 quem
1154 1787 1315 1818 macra
1338 1771 1548 1819 subistiss’

189 1835 299 1882 Hac
322 1853 410 1899 ego
434 1836 475 1883 si
497 1836 747 1899 compellor
770 1836 990 1899 imagine,
1015 1845 1191 1883 cuncta
1213 1837 1430 1900 resigno:

189 1901 295 1947 Nec
320 1918 534 1949 somnum
558 1902 707 1964 plebis
731 1902 886 1962 laudo,
906 1911 1032 1948 satur
1056 1902 1281 1961 altilium;
1318 1918 1409 1950 nec

187 1967 301 2014 Otia
324 1968 495 2015 divitiis
521 1969 731 2015 Arabum
754 1969 989 2015 liberrima
1012 1979 1154 2016 muto.

189 2031 326 2095 Scepe
352 2035 668 2081 verecundum
691 2034 918 2091 laudusti3
965 2035 1166 2097 Rexque
1190 2034 1420 2098 Paterque

189 2099 382 2146 Audisti
405 2099 590 2156 coram3
627 2115 718 2147 nec
742 2101 881 2147 verbo
901 2099 1091 2163 parcius
1115 2102 1311 2148 absens:

191 2164 377 2227 Inspice
401 2167 440 2212 si
463 2181 651 2229 possum
676 2166 848 2213 donata
870 2183 1095 2229 reponere
1118 2167 1267 2214 laetus.

189 2230 332 2278 Haud
356 2231 479 2279 male
505 2231 839 2292 Telemachus,
863 2233 1015 2294 proles
1036 2234 1256 2295 patientis
1279 2232 1492 2295 Ulyssei:

191 2300 221 2320 “
243 2295 354 2344 Non
377 2310 447 2346 est
470 2307 604 2359 aptus
627 2298 758 2360 equis
783 2298 944 2346 Ithace
967 2299 1123 2356 locus;
1161 2309 1211 2345 ut
1235 2315 1386 2360 neque
1408 2297 1561 2361 planis

189 2361 439 2410 Porrectus
463 2364 638 2426 spatiis,
664 2370 816 2426 neque
839 2365 996 2410 multae
1020 2365 1243 2427 prodigus
1267 2365 1422 2411 herbae
1443 2380 1454 2412 1

189 2428 373 2487 Atride,
397 2427 547 2491 magis
571 2440 678 2491 apta
700 2430 783 2476 tibi
808 2438 889 2476 tua
911 2431 1035 2476 dona
1057 2430 1362 2491 relinquam.''

189 2495 390 2543 Parvum
414 2511 555 2557 parva
572 2495 750 2541 decent
770 2511 780 2541 ε
815 2495 929 2541 mihi
949 2495 1044 2557 jam
1069 2511 1164 2542 non
1183 2496 1311 2557 regia
1335 2495 1508 2555 Roma,

188 2563 285 2610 Sed
310 2576 510 2607 vacuum
534 2560 686 2607 Tibur
709 2561 877 2622 placet,
903 2560 1191 2607 autimbelle
1215 2561 1492 2608 Tarentum.

255 2630 486 2676 Strenuus
510 2635 557 2672 et
581 2626 725 2685 fortis,
750 2627 996 2687 causisque
1022 2626 1263 2688 Philippus
1285 2627 1481 2689 agendis

190 2694 375 2752 ClaruS,
400 2693 458 2739 ab
479 2691 645 2739 officiis
666 2701 878 2739 octavam
902 2692 1086 2738 circiter
1112 2692 1271 2739 horam

190 2759 316 2806 Dum
342 2759 475 2817 redit,
501 2767 637 2819 atque
662 2758 759 2805 foro
783 2754 981 2804 nimium
1005 2758 1176 2804 distare
1201 2757 1399 2804 Carinas

190 2825 217 2870 J
224 2841 298 2871 am
321 2824 510 2886 grandis
533 2833 646 2870 natu
669 2824 891 2885 queritur,
915 2823 1171 2885 conspexit,
1199 2832 1248 2870 ut
1270 2823 1416 2883 aiunt,

192 2891 428 2936 Adrasum
449 2890 686 2950 *quendam
711 2890 857 2935 vacua
882 2889 1080 2935 tonsoris
1104 2889 1153 2935 in
1176 2889 1357 2948 umbra,

191 2955 396 3001 Cultello
419 2955 625 3016 proprios
649 2965 924 3016 purgantem
948 2953 1115 3001 leniter
1139 2969 1334 3017 ungues.

194 3023 225 3044 “
249 3019 504 3076 Demetri‚‘'
534 3018 672 3081 (puer
695 3021 772 3066 hic
796 3036 891 3066 non
915 3019 1028 3066 laeve
1051 3019 1181 3081 jussa
1207 3020 1408 3082 Philippi

195 3085 514 3148 Accipiebat,)
543 3088 571 3108 “
594 3085 669 3130 abi
691 3102 700 3142 ;
737 3101 892 3147 quaere
918 3095 965 3132 et
989 3086 1125 3144 refer,
1152 3086 1275 3131 unde
1300 3086 1455 3144 domo,
1474 3084 1593 3147 quis,

194 3150 345 3212 Cujus
369 3149 592 3205 sortunae3
627 3166 717 3211 quo
740 3152 799 3197 sit
821 3162 967 3212 patre,
992 3166 1138 3212 quove
1164 3151 1402 3212 patrono.’'

196 3214 257 3275 It,
284 3214 417 3274 redit,
441 3223 488 3261 et
510 3224 690 3261 narrat:
727 3215 968 3262 Vulteium
991 3216 1181 3262 nomine
1201 3215 1411 3274 Menam,

1643 1018 1645 1020 ψ
1685 979 1751 1029 2⁰

1691 2298 1755 2346 40

1691 2953 1758 3001 50
