1936 3450
179 294 274 342 148
710 293 760 339 Q.
791 255 1032 333 HORATII
1060 293 1267 335 FLACCI

239 411 405 475 Incipe
426 428 436 459 :
471 411 551 474 qui
573 409 700 458 recte
725 411 910 460 vivendi
935 422 1149 476 prorogat
1172 415 1350 474 horam,

239 477 470 525 Rusticus
493 487 731 539 exspectat
754 478 865 524 dum
889 478 1064 525 defluat
1086 479 1264 536 amnis;
1300 489 1349 527 at
1371 479 1448 526 ille
1483 527 1494 540 ,

239 544 450 603 Labitur,
474 553 521 591 et
543 544 723 590 labetur
746 544 795 590 in
818 560 958 591 omne
981 545 1198 592 volubilis
1223 561 1387 592 aevum.
1458 559 1463 562 ·
1499 543 1501 545 ’

303 610 545 660 Quaeritur
569 613 830 671 argentum,
853 611 1100 672 puerisque
1127 611 1262 657 beata
1283 611 1499 658 creandis

239 674 380 735 Uxor,
404 685 452 722 et
474 676 663 722 incultae
685 684 913 737 pacantur
936 692 1120 722 vomere
1138 676 1284 723 silvae.

237 742 382 791 Quod
408 739 520 788 satis
543 750 614 787 est
636 741 714 786 cui
737 742 948 803 contigit,
975 743 1052 788 hic
1076 742 1191 788 nihil
1217 742 1415 805 amplius
1436 750 1577 804 optet.

237 806 349 854 Non
373 809 538 854 domus
562 816 608 853 et
631 806 820 865 fundus,
844 823 938 854 non
959 808 1063 854 aeris
1087 823 1281 854 acervus
1305 817 1353 855 et
1374 807 1476 854 auri

238 873 436 935 AEgroto
460 872 638 919 domini
661 872 856 919 deduxit
878 889 1071 934 corpore
1095 874 1262 933 febres,

238 938 350 985 Non
373 940 530 985 auimo
554 954 703 984 curaS.
772 938 938 985 Valeat
960 955 1195 1000 possessor
1218 947 1416 1002 oportet,

238 1005 291 1051 Si
315 1005 616 1067 comportatis
641 1004 780 1049 rebus
803 1004 924 1051 bene
948 1006 1124 1066 cogitat
1147 1006 1226 1052 uti.

236 1070 338 1119 Qui
362 1072 491 1132 cupit
514 1079 594 1116 aut
617 1069 799 1128 metuit,
820 1071 949 1132 juvat
971 1071 1102 1117 illum
1128 1072 1196 1118 sic
1220 1072 1388 1118 domus
1410 1078 1458 1118 et
1479 1085 1571 1129 res,

237 1135 300 1182 Ut
323 1137 500 1198 lippum
523 1136 659 1198 pictae
683 1136 870 1195 tabulae‚
895 1137 1100 1183 fomenta
1122 1139 1394 1199 podagram,
1462 1152 1465 1153 ⁷

237 1203 490 1249 Auriculas
515 1203 706 1248 citharae
731 1202 929 1252 collecta
953 1204 1088 1250 sorde
1120 1204 1345 1250 dolentes

239 1269 488 1314 Sincerum
512 1279 583 1314 est
605 1267 696 1313 nisi
721 1283 815 1326 vas,
839 1270 1150 1330 quodcunque
1174 1269 1380 1315 infundis
1403 1268 1591 1316 acescit.

239 1336 419 1396 Sperne
444 1335 728 1396 voluptates:
765 1343 903 1380 nocet
926 1345 1083 1396 empta
1105 1335 1262 1381 dolore
1286 1336 1510 1397 voluptas,

239 1401 433 1461 Semper
457 1415 622 1446 avarus
645 1408 751 1460 eget
770 1416 780 1455 ;
817 1409 997 1447 certum
1021 1409 1126 1447 voto
1148 1410 1254 1462 pete
1277 1401 1434 1448 finem.

237 1465 432 1512 Invidus
456 1466 646 1513 alterius
669 1466 917 1512 macrescit
940 1467 1079 1513 rebus
1101 1466 1271 1528 opimis
1293 1483 1303 1512 ;

238 1531 423 1579 Invidia
449 1532 596 1578 Siculi
621 1547 715 1577 non
739 1530 962 1578 invenere
986 1532 1172 1594 tyranni

239 1596 394 1659 Majus
418 1606 715 1649 tormentum.
783 1597 885 1647 Qui
910 1615 1004 1644 non
1030 1598 1343 1645 moderabitur
1366 1599 1485 1657 irae‚2⁷

238 1663 472 1710 Infectum
500 1664 618 1710 volet
641 1678 760 1721 esse,
786 1664 914 1710 dolor
937 1665 1059 1725 quod
1084 1664 1279 1710 suaserit
1302 1673 1349 1711 et
1370 1679 1523 1723 mens,

237 1729 363 1775 Dum
388 1746 549 1791 poenas
572 1730 680 1776 odio
702 1743 784 1790 per
809 1730 898 1775 vim
925 1730 1111 1776 festinat
1135 1731 1297 1776 inulto.

238 1795 315 1841 Ira
340 1796 463 1842 furor
487 1796 639 1842 brevis
662 1805 759 1840 est:
797 1795 1007 1841 animum
1031 1811 1158 1858 rege,
1182 1796 1278 1856 qui,
1303 1795 1393 1842 nisi
1415 1803 1563 1857 paret,

238 1860 470 1922 Imperat:
507 1863 635 1907 hunc
660 1861 830 1918 fraeniS‚
856 1862 980 1907 hunc
1004 1870 1055 1907 tu
1078 1877 1326 1923 compesce
1349 1861 1541 1908 catena.v

237 1926 401 1989 Fingit
423 1943 595 1988 equum
619 1928 781 1974 tenera
805 1927 1005 1973 docilem
1031 1927 1214 1974 cervice
1240 1927 1458 1989 magister

238 1991 314 2038 Ire
339 1994 459 2040 viam
484 1994 576 2054 qua
601 2002 827 2039 monstret
849 2009 1007 2054 equeS.
1076 1993 1354 2052 Venaticus,
1377 2009 1436 2039 ex
1458 2007 1550 2054 quo

238 2058 475 2120 Tempore
500 2059 736 2105 cervinam
761 2058 930 2120 pellem
954 2058 1135 2105 latravit
1159 2059 1207 2105 in
1227 2059 1349 2117 aula,

237 2124 411 2170 Militat
435 2125 483 2171 in
507 2125 632 2170 silvis
656 2125 854 2170 catulus.
924 2124 1069 2170 Nunc
1093 2125 1263 2170 adhibe
1285 2140 1404 2186 puro

236 2190 433 2236 Pectore
458 2191 609 2247 verba,
634 2205 776 2250 puer3
813 2193 942 2235 nunc
967 2199 1013 2236 te
1037 2189 1306 2236 melioribus
1327 2189 1455 2235 offer.
1552 2245 1553 2249 Ἰ

233 2255 350 2306 Quo
373 2256 516 2302 semel
535 2265 605 2302 est
630 2255 807 2301 imbuta
830 2271 1012 2314 recens,
1037 2255 1236 2301 servabit
1257 2255 1447 2301 odorem
1527 2301 1530 2306 ,

221 2322 366 2369 Testa
389 2321 483 2367 diu.
552 2318 700 2372 Quod
726 2320 764 2366 si
788 2336 960 2379 cessaS‚
986 2331 1067 2368 aut
1090 2331 1307 2367 strenuus
1331 2320 1498 2380 anteiS,

235 2386 342 2434 Nec
365 2389 551 2434 tardum
573 2386 802 2450 opperior,
826 2402 918 2433 nec
941 2388 1316 2450 praecedentibus
1340 2387 1477 2434 insto.

753 2649 1089 2697 EPISTOLA
1123 2648 1220 2697 III.

723 2764 789 2795 AD
811 2764 992 2796 JULIUM
1018 2763 1235 2813 FLORUM.

234 2846 346 2893 Jum
373 2846 527 2904 Flore,
552 2848 720 2908 quibus
743 2852 970 2894 terrarum
994 2846 1161 2893 militet
1182 2846 1275 2892 oris

234 2912 670 2973 ClaudiusAugusti
694 2913 951 2974 privignus,
975 2913 1095 2958 scire
1118 2911 1289 2958 laboro.

235 2977 488 3034 Thracane
514 2993 608 3034 vos,
635 2978 916 3039 Hebrusque
937 2978 1076 3023 nivali
1102 2977 1327 3037 compede
1351 2976 1552 3036 vinctus,

236 3045 314 3090 An
342 3043 456 3088 freta
479 3042 656 3088 vicinas
680 3042 800 3088 inter
825 3043 1060 3088 currentia
1081 3053 1248 3100 turres,

237 3110 316 3154 An
340 3108 539 3170 pingues
564 3108 692 3154 Asiae
716 3108 869 3169 campi
893 3108 1129 3168 collesque
1155 3109 1428 3155 morantur?

1739 2318 1805 2367 70

1767 3108 1800 3156 5

233 3174 368 3223 Quid
394 3173 599 3220 studiosa
622 3174 789 3219 cohors
812 3174 1005 3234 operum
1029 3173 1196 3219 struit?
1265 3173 1384 3219 Haec
1407 3189 1588 3236 quoque
1611 3188 1756 3222 curo:

235 3239 361 3290 Quis
385 3239 473 3286 sibi
495 3255 569 3286 res
592 3248 747 3302 gestas
771 3238 978 3301 Augusti
1001 3239 1204 3286 scribere
1229 3239 1404 3286 sumit'l
