<?xml version="1.0" encoding="UTF-8"?>
<!DOCTYPE html PUBLIC "-//W3C//DTD XHTML 1.0 Transitional//EN"
    "http://www.w3.org/TR/xhtml1/DTD/xhtml1-transitional.dtd">
<html xmlns="http://www.w3.org/1999/xhtml" xml:lang="en" lang="en">
 <head>
  <title>
</title>
<meta http-equiv="Content-Type" content="text/html;charset=utf-8" />
  <meta name='ocr-system' content='tesseract 3.04.00' />
  <meta name='ocr-capabilities' content='ocr_page ocr_carea ocr_par ocr_line ocrx_word'/>
</head>
<body>
  <div class='ocr_page' id='page_1' title='image "./operaacceduntcla00horauoft_0055.png"; bbox 0 0 1976 3432; ppageno 0'>
   <div class='ocr_carea' id='block_1_1' title="bbox 664 234 1241 278">
    <p class='ocr_par' dir='ltr' id='par_1_1' title="bbox 664 234 1241 278">
     <span class='ocr_line' id='line_1_1' title="bbox 664 234 1241 278; baseline 0.003 -3"><span class='ocrx_word' id='word_1_1' title='bbox 664 234 994 276; x_wconf 81' lang='lat' dir='ltr'>CARMINUM</span> <span class='ocrx_word' id='word_1_2' title='bbox 1021 234 1130 278; x_wconf 88' lang='lat' dir='ltr'><strong>LIB.</strong></span> <span class='ocrx_word' id='word_1_3' title='bbox 1158 235 1241 277; x_wconf 90' lang='lat'>111.</span> 
     </span>
    </p>
   </div>
   <div class='ocr_carea' id='block_1_2' title="bbox 390 351 1437 1802">
    <p class='ocr_par' dir='ltr' id='par_1_2' title="bbox 397 351 1139 468">
     <span class='ocr_line' id='line_1_2' title="bbox 397 351 1139 417; baseline 0.003 -17"><span class='ocrx_word' id='word_1_4' title='bbox 397 351 561 416; x_wconf 87' lang='lat' dir='ltr'>Impiae</span> <span class='ocrx_word' id='word_1_5' title='bbox 585 369 780 417; x_wconf 89' lang='lat' dir='ltr'>sponsos</span> <span class='ocrx_word' id='word_1_6' title='bbox 801 351 997 417; x_wconf 67' lang='lat' dir='ltr'>potuere</span> <span class='ocrx_word' id='word_1_7' title='bbox 1020 354 1139 402; x_wconf 90' lang='lat' dir='ltr'>duro</span> 
     </span>
     <span class='ocr_line' id='line_1_3' title="bbox 721 419 1097 468; baseline 0.003 -2"><span class='ocrx_word' id='word_1_8' title='bbox 721 419 924 468; x_wconf 86' lang='lat' dir='ltr'>Perdere</span> <span class='ocrx_word' id='word_1_9' title='bbox 948 420 1097 468; x_wconf 83' lang='lat' dir='ltr'>ferro!</span> 
     </span>
    </p>

    <p class='ocr_par' dir='ltr' id='par_1_3' title="bbox 396 483 1132 548">
     <span class='ocr_line' id='line_1_4' title="bbox 396 483 1132 548; baseline 0 -16"><span class='ocrx_word' id='word_1_10' title='bbox 396 483 504 532; x_wconf 92' lang='lat' dir='ltr'>Una</span> <span class='ocrx_word' id='word_1_11' title='bbox 525 485 584 531; x_wconf 91' lang='lat' dir='ltr'>de</span> <span class='ocrx_word' id='word_1_12' title='bbox 607 485 784 544; x_wconf 89' lang='lat' dir='ltr'>multis,</span> <span class='ocrx_word' id='word_1_13' title='bbox 810 486 912 532; x_wconf 84' lang='lat' dir='ltr'>face</span> <span class='ocrx_word' id='word_1_14' title='bbox 934 485 1132 548; x_wconf 85' lang='lat' dir='ltr'>nuptiali</span> 
     </span>
    </p>

    <p class='ocr_par' dir='ltr' id='par_1_4' title="bbox 395 550 1278 614">
     <span class='ocr_line' id='line_1_5' title="bbox 395 550 1278 614; baseline 0.002 -17"><span class='ocrx_word' id='word_1_15' title='bbox 395 550 570 613; x_wconf 84' lang='lat' dir='ltr'>Digna,</span> <span class='ocrx_word' id='word_1_16' title='bbox 594 551 831 614; x_wconf 88' lang='lat' dir='ltr'>perjurum</span> <span class='ocrx_word' id='word_1_17' title='bbox 854 551 941 598; x_wconf 85' lang='lat' dir='ltr'>fuit</span> <span class='ocrx_word' id='word_1_18' title='bbox 963 551 1012 598; x_wconf 91' lang='lat' dir='ltr'>in</span> <span class='ocrx_word' id='word_1_19' title='bbox 1034 561 1278 614; x_wconf 83' lang='lat' dir='ltr'>parentem</span> 
     </span>
    </p>

    <p class='ocr_par' dir='ltr' id='par_1_5' title="bbox 395 614 1358 731">
     <span class='ocr_line' id='line_1_6' title="bbox 395 614 1358 682; baseline 0.002 -18"><span class='ocrx_word' id='word_1_20' title='bbox 395 614 656 680; x_wconf 76' lang='lat' dir='ltr'>Splendide</span> <span class='ocrx_word' id='word_1_21' title='bbox 679 617 899 676; x_wconf 88' lang='lat' dir='ltr'>mendax,</span> <span class='ocrx_word' id='word_1_22' title='bbox 923 626 971 664; x_wconf 87' lang='lat' dir='ltr'>et</span> <span class='ocrx_word' id='word_1_23' title='bbox 991 617 1041 664; x_wconf 89' lang='lat' dir='ltr'>in</span> <span class='ocrx_word' id='word_1_24' title='bbox 1063 633 1205 666; x_wconf 92' lang='lat' dir='ltr'>omne</span> <span class='ocrx_word' id='word_1_25' title='bbox 1227 618 1358 682; x_wconf 85' lang='lat' dir='ltr'>virgo</span> 
     </span>
     <span class='ocr_line' id='line_1_7' title="bbox 722 681 1110 731; baseline 0.003 -2"><span class='ocrx_word' id='word_1_26' title='bbox 722 681 909 730; x_wconf 87' lang='lat' dir='ltr'>Nobilis</span> <span class='ocrx_word' id='word_1_27' title='bbox 932 698 1110 731; x_wconf 84' lang='lat' dir='ltr'>aevum:</span> 
     </span>
    </p>

    <p class='ocr_par' dir='ltr' id='par_1_6' title="bbox 397 748 1297 812">
     <span class='ocr_line' id='line_1_8' title="bbox 397 748 1297 812; baseline 0.002 -17"><span class='ocrx_word' id='word_1_28' title='bbox 397 751 427 773; x_wconf 91' lang='lat'><strong>“</strong></span> <span class='ocrx_word' id='word_1_29' title='bbox 445 748 644 812; x_wconf 86' lang='lat' dir='ltr'>Surge,&#39;&#39;</span> <span class='ocrx_word' id='word_1_30' title='bbox 668 764 772 811; x_wconf 87' lang='lat' dir='ltr'>quae</span> <span class='ocrx_word' id='word_1_31' title='bbox 794 748 912 807; x_wconf 81' lang='lat' dir='ltr'><strong>dixit</strong></span> <span class='ocrx_word' id='word_1_32' title='bbox 929 749 1091 811; x_wconf 90' lang='lat' dir='ltr'>juveni</span> <span class='ocrx_word' id='word_1_33' title='bbox 1114 750 1297 810; x_wconf 85' lang='lat' dir='ltr'>marito,</span> 
     </span>
    </p>

    <p class='ocr_par' dir='ltr' id='par_1_7' title="bbox 396 814 1375 877">
     <span class='ocr_line' id='line_1_9' title="bbox 396 814 1375 877; baseline 0.003 -16"><span class='ocrx_word' id='word_1_34' title='bbox 396 818 426 840; x_wconf 88' lang='lat'><strong>“</strong></span> <span class='ocrx_word' id='word_1_35' title='bbox 440 815 607 877; x_wconf 86' lang='lat' dir='ltr'>Surge,</span> <span class='ocrx_word' id='word_1_36' title='bbox 631 831 692 862; x_wconf 93' lang='lat' dir='ltr'>ne</span> <span class='ocrx_word' id='word_1_37' title='bbox 714 814 884 877; x_wconf 87' lang='lat' dir='ltr'>longus</span> <span class='ocrx_word' id='word_1_38' title='bbox 907 814 1222 876; x_wconf 89' lang='lat' dir='ltr'>tibi&#39;somnus,</span> <span class='ocrx_word' id='word_1_39' title='bbox 1248 816 1375 864; x_wconf 86' lang='lat' dir='ltr'>unde</span> 
     </span>
    </p>

    <p class='ocr_par' dir='ltr' id='par_1_8' title="bbox 394 879 1437 1005">
     <span class='ocr_line' id='line_1_10' title="bbox 394 879 1437 940; baseline 0.002 -12"><span class='ocrx_word' id='word_1_40' title='bbox 394 879 507 928; x_wconf 90' lang='lat' dir='ltr'>Non</span> <span class='ocrx_word' id='word_1_41' title='bbox 530 881 683 940; x_wconf 88' lang='lat' dir='ltr'>times,</span> <span class='ocrx_word' id='word_1_42' title='bbox 707 881 869 928; x_wconf 88' lang='lat' dir='ltr'>detur:</span> <span class='ocrx_word' id='word_1_43' title='bbox 905 896 1120 928; x_wconf 80' lang='lat' dir='ltr'><strong>socerum</strong></span> <span class='ocrx_word' id='word_1_44' title='bbox 1143 890 1191 929; x_wconf 92' lang='lat' dir='ltr'>et</span> <span class='ocrx_word' id='word_1_45' title='bbox 1213 882 1437 931; x_wconf 86' lang='lat' dir='ltr'>scelestas</span> 
     </span>
     <span class='ocr_line' id='line_1_11' title="bbox 718 945 1081 1005; baseline 0.003 -13"><span class='ocrx_word' id='word_1_46' title='bbox 718 945 851 993; x_wconf 88' lang='lat' dir='ltr'>Falle</span> <span class='ocrx_word' id='word_1_47' title='bbox 874 960 1081 1005; x_wconf 81' lang='lat' dir='ltr'>sorores;</span> 
     </span>
    </p>

    <p class='ocr_par' dir='ltr' id='par_1_9' title="bbox 391 1011 1252 1074">
     <span class='ocr_line' id='line_1_12' title="bbox 391 1011 1252 1074; baseline 0.002 -16"><span class='ocrx_word' id='word_1_48' title='bbox 391 1011 536 1072; x_wconf 77' lang='lat' dir='ltr'>Quae,</span> <span class='ocrx_word' id='word_1_49' title='bbox 560 1012 686 1059; x_wconf 88' lang='lat' dir='ltr'>velut</span> <span class='ocrx_word' id='word_1_50' title='bbox 708 1022 860 1059; x_wconf 87' lang='lat' dir='ltr'>nactae</span> <span class='ocrx_word' id='word_1_51' title='bbox 883 1013 1050 1060; x_wconf 87' lang='lat' dir='ltr'>vitulos</span> <span class='ocrx_word' id='word_1_52' title='bbox 1071 1013 1252 1074; x_wconf 84' lang='lat' dir='ltr'>leaenae,</span> 
     </span>
    </p>

    <p class='ocr_par' dir='ltr' id='par_1_10' title="bbox 395 1078 1367 1142">
     <span class='ocr_line' id='line_1_13' title="bbox 395 1078 1367 1142; baseline 0.001 -16"><span class='ocrx_word' id='word_1_53' title='bbox 395 1078 633 1141; x_wconf 77' lang='lat' dir='ltr'>SinguIOS,</span> <span class='ocrx_word' id='word_1_54' title='bbox 657 1079 806 1126; x_wconf 81' lang='lat' dir='ltr'>eheu!</span> <span class='ocrx_word' id='word_1_55' title='bbox 841 1078 1062 1128; x_wconf 85' lang='lat' dir='ltr'>lacerant.</span> <span class='ocrx_word' id='word_1_56' title='bbox 1131 1078 1252 1142; x_wconf 88' lang='lat' dir='ltr'>Ego,</span> <span class='ocrx_word' id='word_1_57' title='bbox 1275 1079 1367 1130; x_wconf 90' lang='lat' dir='ltr'>illis</span> 
     </span>
    </p>

    <p class='ocr_par' dir='ltr' id='par_1_11' title="bbox 393 1143 1310 1260">
     <span class='ocr_line' id='line_1_14' title="bbox 393 1143 1310 1207; baseline 0.002 -15"><span class='ocrx_word' id='word_1_58' title='bbox 393 1143 601 1205; x_wconf 88' lang='lat' dir='ltr'>Mollior,</span> <span class='ocrx_word' id='word_1_59' title='bbox 624 1160 716 1191; x_wconf 93' lang='lat' dir='ltr'>nec</span> <span class='ocrx_word' id='word_1_60' title='bbox 738 1153 785 1192; x_wconf 91' lang='lat' dir='ltr'>te</span> <span class='ocrx_word' id='word_1_61' title='bbox 809 1144 988 1204; x_wconf 88' lang='lat' dir='ltr'>seriam,</span> <span class='ocrx_word' id='word_1_62' title='bbox 1011 1161 1165 1207; x_wconf 88' lang='lat' dir='ltr'>neque</span> <span class='ocrx_word' id='word_1_63' title='bbox 1187 1146 1310 1194; x_wconf 88' lang='lat' dir='ltr'>intra</span> 
     </span>
     <span class='ocr_line' id='line_1_15' title="bbox 720 1209 1144 1260; baseline 0.007 -3"><span class='ocrx_word' id='word_1_64' title='bbox 720 1209 937 1258; x_wconf 84' lang='lat' dir='ltr'><strong>Claustra</strong></span> <span class='ocrx_word' id='word_1_65' title='bbox 959 1212 1144 1260; x_wconf 85' lang='lat' dir='ltr'>tenebo.</span> 
     </span>
    </p>

    <p class='ocr_par' dir='ltr' id='par_1_12' title="bbox 394 1275 1192 1339">
     <span class='ocr_line' id='line_1_16' title="bbox 394 1275 1192 1339; baseline 0.003 -16"><span class='ocrx_word' id='word_1_66' title='bbox 394 1275 478 1324; x_wconf 90' lang='lat' dir='ltr'>Me</span> <span class='ocrx_word' id='word_1_67' title='bbox 499 1285 631 1339; x_wconf 85' lang='lat' dir='ltr'>pater</span> <span class='ocrx_word' id='word_1_68' title='bbox 653 1276 788 1323; x_wconf 86' lang='lat' dir='ltr'>saevis</span> <span class='ocrx_word' id='word_1_69' title='bbox 808 1286 972 1324; x_wconf 89' lang='lat' dir='ltr'>oneret</span> <span class='ocrx_word' id='word_1_70' title='bbox 995 1278 1192 1338; x_wconf 79' lang='lat' dir='ltr'>cateniS,</span> 
     </span>
    </p>

    <p class='ocr_par' dir='ltr' id='par_1_13' title="bbox 390 1339 1327 1406">
     <span class='ocr_line' id='line_1_17' title="bbox 390 1339 1327 1406; baseline 0.003 -18"><span class='ocrx_word' id='word_1_71' title='bbox 390 1339 542 1394; x_wconf 75' lang='lat' dir='ltr'>Quod</span> <span class='ocrx_word' id='word_1_72' title='bbox 564 1343 661 1390; x_wconf 89' lang='lat' dir='ltr'>viro</span> <span class='ocrx_word' id='word_1_73' title='bbox 684 1342 894 1390; x_wconf 87' lang='lat' dir='ltr'>clemens</span> <span class='ocrx_word' id='word_1_74' title='bbox 917 1343 1089 1391; x_wconf 90' lang='lat' dir='ltr'>misero</span> <span class='ocrx_word' id='word_1_75' title='bbox 1109 1344 1327 1406; x_wconf 80' lang='lat' dir='ltr'>peperci3</span> 
     </span>
    </p>

    <p class='ocr_par' dir='ltr' id='par_1_14' title="bbox 392 1407 1399 1538">
     <span class='ocr_line' id='line_1_18' title="bbox 392 1407 1399 1474; baseline 0.003 -18"><span class='ocrx_word' id='word_1_76' title='bbox 392 1407 476 1456; x_wconf 90' lang='lat' dir='ltr'>Me</span> <span class='ocrx_word' id='word_1_77' title='bbox 498 1409 571 1457; x_wconf 86' lang='lat' dir='ltr'>vel</span> <span class='ocrx_word' id='word_1_78' title='bbox 594 1418 826 1456; x_wconf 86' lang='lat' dir='ltr'>extremos</span> <span class='ocrx_word' id='word_1_79' title='bbox 849 1408 1166 1459; x_wconf 84' lang='lat' dir='ltr'>Numidarum</span> <span class='ocrx_word' id='word_1_80' title='bbox 1187 1410 1239 1458; x_wconf 91' lang='lat' dir='ltr'>in</span> <span class='ocrx_word' id='word_1_81' title='bbox 1262 1426 1399 1474; x_wconf 87' lang='lat' dir='ltr'>agros</span> 
     </span>
     <span class='ocr_line' id='line_1_19' title="bbox 719 1474 1098 1538; baseline 0.003 -16"><span class='ocrx_word' id='word_1_82' title='bbox 719 1474 884 1522; x_wconf 83' lang='lat' dir='ltr'>Classe</span> <span class='ocrx_word' id='word_1_83' title='bbox 907 1475 1098 1538; x_wconf 86' lang='lat' dir='ltr'>releget.</span> 
     </span>
    </p>

    <p class='ocr_par' dir='ltr' id='par_1_15' title="bbox 392 1538 1214 1605">
     <span class='ocr_line' id='line_1_20' title="bbox 392 1538 1214 1605; baseline 0 -16"><span class='ocrx_word' id='word_1_84' title='bbox 392 1541 418 1589; x_wconf 94' lang='lat'>1</span> <span class='ocrx_word' id='word_1_85' title='bbox 439 1541 585 1605; x_wconf 87' lang='lat' dir='ltr'>pedes</span> <span class='ocrx_word' id='word_1_86' title='bbox 607 1538 700 1603; x_wconf 77' lang='lat' dir='ltr'>quo</span> <span class='ocrx_word' id='word_1_87' title='bbox 724 1549 771 1588; x_wconf 92' lang='lat' dir='ltr'>te</span> <span class='ocrx_word' id='word_1_88' title='bbox 794 1542 981 1604; x_wconf 88' lang='lat' dir='ltr'>rapiunt</span> <span class='ocrx_word' id='word_1_89' title='bbox 1003 1550 1050 1589; x_wconf 92' lang='lat' dir='ltr'>et</span> <span class='ocrx_word' id='word_1_90' title='bbox 1074 1558 1214 1602; x_wconf 84' lang='lat' dir='ltr'>aurae,</span> 
     </span>
    </p>

    <p class='ocr_par' dir='ltr' id='par_1_16' title="bbox 390 1607 1351 1656">
     <span class='ocr_line' id='line_1_21' title="bbox 390 1607 1351 1656; baseline 0 -1"><span class='ocrx_word' id='word_1_91' title='bbox 390 1607 520 1655; x_wconf 90' lang='lat' dir='ltr'>Dum</span> <span class='ocrx_word' id='word_1_92' title='bbox 544 1607 665 1654; x_wconf 87' lang='lat' dir='ltr'>favet</span> <span class='ocrx_word' id='word_1_93' title='bbox 686 1623 781 1654; x_wconf 82' lang='lat' dir='ltr'>nox</span> <span class='ocrx_word' id='word_1_94' title='bbox 801 1616 850 1654; x_wconf 90' lang='lat' dir='ltr'>et</span> <span class='ocrx_word' id='word_1_95' title='bbox 872 1607 1065 1655; x_wconf 90' lang='lat' dir='ltr'>Venus:</span> <span class='ocrx_word' id='word_1_96' title='bbox 1100 1608 1116 1655; x_wconf 87' lang='lat' dir='ltr'>i</span> <span class='ocrx_word' id='word_1_97' title='bbox 1139 1608 1351 1656; x_wconf 87' lang='lat' dir='ltr'>secundo</span> 
     </span>
    </p>

    <p class='ocr_par' dir='ltr' id='par_1_17' title="bbox 390 1672 1339 1802">
     <span class='ocr_line' id='line_1_22' title="bbox 390 1672 1339 1736; baseline 0.001 -15"><span class='ocrx_word' id='word_1_98' title='bbox 390 1672 584 1733; x_wconf 87' lang='lat' dir='ltr'>Omine,</span> <span class='ocrx_word' id='word_1_99' title='bbox 607 1682 655 1720; x_wconf 92' lang='lat' dir='ltr'>et</span> <span class='ocrx_word' id='word_1_100' title='bbox 677 1673 824 1720; x_wconf 85' lang='lat' dir='ltr'>nostri</span> <span class='ocrx_word' id='word_1_101' title='bbox 845 1688 1101 1720; x_wconf 86' lang='lat' dir='ltr'>memorem</span> <span class='ocrx_word' id='word_1_102' title='bbox 1124 1674 1339 1736; x_wconf 89' lang='lat' dir='ltr'>sepulcro</span> 
     </span>
     <span class='ocr_line' id='line_1_23' title="bbox 718 1738 1195 1802; baseline 0 -16"><span class='ocrx_word' id='word_1_103' title='bbox 718 1738 888 1802; x_wconf 89' lang='lat' dir='ltr'>Scalpe</span> <span class='ocrx_word' id='word_1_104' title='bbox 910 1739 1195 1802; x_wconf 88' lang='lat' dir='ltr'>querelam.”</span> 
     </span>
    </p>
   </div>
   <div class='ocr_carea' id='block_1_3' title="bbox 811 2000 1075 2052">
    <p class='ocr_par' dir='ltr' id='par_1_18' title="bbox 811 2000 1075 2052">
     <span class='ocr_line' id='line_1_24' title="bbox 811 2000 1075 2052; baseline 0.008 -2"><span class='ocrx_word' id='word_1_105' title='bbox 811 2000 950 2050; x_wconf 89' lang='lat' dir='ltr'>ODE</span> <span class='ocrx_word' id='word_1_106' title='bbox 984 2001 1075 2052; x_wconf 92' lang='lat' dir='ltr'>IX.</span> 
     </span>
    </p>
   </div>
   <div class='ocr_carea' id='block_1_4' title="bbox 617 2116 1263 2151">
    <p class='ocr_par' dir='ltr' id='par_1_19' title="bbox 617 2116 1263 2151">
     <span class='ocr_line' id='line_1_25' title="bbox 617 2116 1263 2151; baseline 0.002 -3"><span class='ocrx_word' id='word_1_107' title='bbox 617 2116 683 2149; x_wconf 79' lang='lat' dir='ltr'>AD</span> <span class='ocrx_word' id='word_1_108' title='bbox 717 2116 922 2149; x_wconf 79' lang='lat' dir='ltr'><strong>FONTEM</strong></span> <span class='ocrx_word' id='word_1_109' title='bbox 956 2117 1263 2151; x_wconf 76' lang='lat' dir='ltr'><strong>BANDUSIUM.</strong></span> 
     </span>
    </p>
   </div>
   <div class='ocr_carea' id='block_1_5' title="bbox 385 2199 1411 3247">
    <p class='ocr_par' dir='ltr' id='par_1_20' title="bbox 385 2199 1411 3247">
     <span class='ocr_line' id='line_1_26' title="bbox 389 2199 1346 2263; baseline 0 -13"><span class='ocrx_word' id='word_1_110' title='bbox 389 2201 436 2250; x_wconf 93' lang='grc' dir='ltr'><strong>Ο</strong></span> <span class='ocrx_word' id='word_1_111' title='bbox 461 2215 585 2249; x_wconf 69' lang='lat' dir='ltr'>Fons</span> <span class='ocrx_word' id='word_1_112' title='bbox 609 2199 879 2259; x_wconf 85' lang='lat' dir='ltr'>Bandusiae,</span> <span class='ocrx_word' id='word_1_113' title='bbox 902 2199 1193 2263; x_wconf 72' lang='lat' dir='ltr'>splendidior</span> <span class='ocrx_word' id='word_1_114' title='bbox 1213 2200 1346 2263; x_wconf 87' lang='lat' dir='ltr'>vitro,</span> 
     </span>
     <span class='ocr_line' id='line_1_27' title="bbox 386 2266 1322 2330; baseline -0.001 -15"><span class='ocrx_word' id='word_1_115' title='bbox 386 2266 530 2315; x_wconf 89' lang='lat' dir='ltr'>Dulci</span> <span class='ocrx_word' id='word_1_116' title='bbox 553 2266 695 2330; x_wconf 86' lang='lat' dir='ltr'>digne</span> <span class='ocrx_word' id='word_1_117' title='bbox 717 2281 847 2313; x_wconf 85' lang='lat' dir='ltr'>mero</span> <span class='ocrx_word' id='word_1_118' title='bbox 870 2282 965 2313; x_wconf 90' lang='lat' dir='ltr'>non</span> <span class='ocrx_word' id='word_1_119' title='bbox 989 2266 1090 2314; x_wconf 86' lang='lat' dir='ltr'>sine</span> <span class='ocrx_word' id='word_1_120' title='bbox 1115 2266 1322 2329; x_wconf 90' lang='lat' dir='ltr'>floribus,</span> 
     </span>
     <span class='ocr_line' id='line_1_28' title="bbox 712 2331 1279 2393; baseline 0.005 -15"><span class='ocrx_word' id='word_1_121' title='bbox 712 2331 832 2378; x_wconf 88' lang='lat' dir='ltr'>Cras</span> <span class='ocrx_word' id='word_1_122' title='bbox 854 2332 1103 2379; x_wconf 81' lang='lat' dir='ltr'>donaberis</span> <span class='ocrx_word' id='word_1_123' title='bbox 1126 2333 1279 2393; x_wconf 86' lang='lat' dir='ltr'>haedo,</span> 
     </span>
     <span class='ocr_line' id='line_1_29' title="bbox 648 2397 1346 2460; baseline 0.003 -16"><span class='ocrx_word' id='word_1_124' title='bbox 648 2397 741 2445; x_wconf 91' lang='lat' dir='ltr'>Cui</span> <span class='ocrx_word' id='word_1_125' title='bbox 765 2397 893 2444; x_wconf 87' lang='lat' dir='ltr'>frons</span> <span class='ocrx_word' id='word_1_126' title='bbox 914 2398 1102 2460; x_wconf 87' lang='lat' dir='ltr'>turgida</span> <span class='ocrx_word' id='word_1_127' title='bbox 1124 2399 1346 2447; x_wconf 88' lang='lat' dir='ltr'>cornibus</span> 
     </span>
     <span class='ocr_line' id='line_1_30' title="bbox 387 2463 1411 2526; baseline 0.001 -15"><span class='ocrx_word' id='word_1_128' title='bbox 387 2463 574 2522; x_wconf 85' lang='lat' dir='ltr'>Primis,</span> <span class='ocrx_word' id='word_1_129' title='bbox 597 2471 644 2510; x_wconf 91' lang='lat' dir='ltr'>et</span> <span class='ocrx_word' id='word_1_130' title='bbox 666 2463 903 2510; x_wconf 89' lang='lat' dir='ltr'>Venerem</span> <span class='ocrx_word' id='word_1_131' title='bbox 926 2473 973 2510; x_wconf 89' lang='lat' dir='ltr'>et</span> <span class='ocrx_word' id='word_1_132' title='bbox 994 2465 1157 2526; x_wconf 85' lang='lat' dir='ltr'>proelia</span> <span class='ocrx_word' id='word_1_133' title='bbox 1180 2465 1411 2512; x_wconf 86' lang='lat' dir='ltr'>destinat:</span> 
     </span>
     <span class='ocr_line' id='line_1_31' title="bbox 386 2527 1258 2590; baseline -0.001 -13"><span class='ocrx_word' id='word_1_134' title='bbox 386 2527 606 2586; x_wconf 69' lang='lat' dir='ltr'>Frustra;</span> <span class='ocrx_word' id='word_1_135' title='bbox 642 2544 751 2575; x_wconf 88' lang='lat' dir='ltr'>nam</span> <span class='ocrx_word' id='word_1_136' title='bbox 774 2527 953 2590; x_wconf 88' lang='lat' dir='ltr'>gelidos</span> <span class='ocrx_word' id='word_1_137' title='bbox 976 2529 1154 2576; x_wconf 89' lang='lat' dir='ltr'>inficiet</span> <span class='ocrx_word' id='word_1_138' title='bbox 1174 2530 1258 2576; x_wconf 92' lang='lat' dir='ltr'>tibi</span> 
     </span>
     <span class='ocr_line' id='line_1_32' title="bbox 711 2594 1276 2656; baseline 0.005 -16"><span class='ocrx_word' id='word_1_139' title='bbox 711 2594 879 2641; x_wconf 87' lang='lat' dir='ltr'>Rubro</span> <span class='ocrx_word' id='word_1_140' title='bbox 902 2595 1132 2656; x_wconf 88' lang='lat' dir='ltr'>sanguine</span> <span class='ocrx_word' id='word_1_141' title='bbox 1155 2595 1276 2643; x_wconf 83' lang='lat' dir='ltr'>rivos</span> 
     </span>
     <span class='ocr_line' id='line_1_33' title="bbox 647 2659 1231 2723; baseline 0.002 -17"><span class='ocrx_word' id='word_1_142' title='bbox 647 2659 833 2706; x_wconf 90' lang='lat' dir='ltr'>Lascivi</span> <span class='ocrx_word' id='word_1_143' title='bbox 857 2660 1039 2707; x_wconf 89' lang='lat' dir='ltr'>soboles</span> <span class='ocrx_word' id='word_1_144' title='bbox 1061 2661 1231 2723; x_wconf 88' lang='lat' dir='ltr'>gregis.</span> 
     </span>
     <span class='ocr_line' id='line_1_34' title="bbox 386 2724 1287 2788; baseline 0 -15"><span class='ocrx_word' id='word_1_145' title='bbox 386 2724 463 2774; x_wconf 86' lang='lat' dir='ltr'>Te</span> <span class='ocrx_word' id='word_1_146' title='bbox 487 2724 726 2788; x_wconf 87' lang='lat' dir='ltr'>flagrantis</span> <span class='ocrx_word' id='word_1_147' title='bbox 749 2734 876 2772; x_wconf 84' lang='lat' dir='ltr'>atrox</span> <span class='ocrx_word' id='word_1_148' title='bbox 909 2726 1022 2772; x_wconf 89' lang='lat' dir='ltr'>hora</span> <span class='ocrx_word' id='word_1_149' title='bbox 1044 2726 1287 2773; x_wconf 86' lang='lat' dir='ltr'>Caniculae</span> 
     </span>
     <span class='ocr_line' id='line_1_35' title="bbox 385 2790 1267 2854; baseline 0.001 -15"><span class='ocrx_word' id='word_1_150' title='bbox 385 2790 551 2839; x_wconf 81' lang='lat' dir='ltr'>Nescit</span> <span class='ocrx_word' id='word_1_151' title='bbox 572 2801 791 2854; x_wconf 86' lang='lat' dir='ltr'>tangere:</span> <span class='ocrx_word' id='word_1_152' title='bbox 826 2800 876 2837; x_wconf 92' lang='lat' dir='ltr'>tu</span> <span class='ocrx_word' id='word_1_153' title='bbox 900 2791 1045 2853; x_wconf 87' lang='lat' dir='ltr'>frigus</span> <span class='ocrx_word' id='word_1_154' title='bbox 1069 2792 1267 2840; x_wconf 86' lang='lat' dir='ltr'>amabile</span> 
     </span>
     <span class='ocr_line' id='line_1_36' title="bbox 708 2856 1243 2905; baseline 0.006 -3"><span class='ocrx_word' id='word_1_155' title='bbox 708 2856 868 2903; x_wconf 85' lang='lat' dir='ltr'>Fessis</span> <span class='ocrx_word' id='word_1_156' title='bbox 891 2873 1075 2904; x_wconf 88' lang='lat' dir='ltr'>vomere</span> <span class='ocrx_word' id='word_1_157' title='bbox 1098 2858 1243 2905; x_wconf 86' lang='lat' dir='ltr'>tauris</span> 
     </span>
     <span class='ocr_line' id='line_1_37' title="bbox 643 2922 1230 2986; baseline 0.003 -16"><span class='ocrx_word' id='word_1_158' title='bbox 643 2922 829 2970; x_wconf 88' lang='lat' dir='ltr'>Praebes</span> <span class='ocrx_word' id='word_1_159' title='bbox 852 2932 899 2969; x_wconf 92' lang='lat' dir='ltr'>et</span> <span class='ocrx_word' id='word_1_160' title='bbox 920 2923 1078 2985; x_wconf 89' lang='lat' dir='ltr'>pecori</span> <span class='ocrx_word' id='word_1_161' title='bbox 1101 2939 1230 2986; x_wconf 84' lang='lat' dir='ltr'>vago.</span> 
     </span>
     <span class='ocr_line' id='line_1_38' title="bbox 385 2986 1259 3051; baseline 0.003 -17"><span class='ocrx_word' id='word_1_162' title='bbox 385 2986 496 3034; x_wconf 87' lang='lat' dir='ltr'>Fies</span> <span class='ocrx_word' id='word_1_163' title='bbox 517 2988 742 3035; x_wconf 87' lang='lat' dir='ltr'>nobilium</span> <span class='ocrx_word' id='word_1_164' title='bbox 766 2997 817 3035; x_wconf 90' lang='lat' dir='ltr'>tu</span> <span class='ocrx_word' id='word_1_165' title='bbox 839 3005 1021 3051; x_wconf 90' lang='lat' dir='ltr'>quoque</span> <span class='ocrx_word' id='word_1_166' title='bbox 1046 2989 1259 3049; x_wconf 85' lang='lat' dir='ltr'>fontium,</span> 
     </span>
     <span class='ocr_line' id='line_1_39' title="bbox 386 3050 1293 3117; baseline 0.002 -17"><span class='ocrx_word' id='word_1_167' title='bbox 386 3050 470 3100; x_wconf 90' lang='lat' dir='ltr'>Me</span> <span class='ocrx_word' id='word_1_168' title='bbox 493 3054 680 3101; x_wconf 81' lang='lat' dir='ltr'>dicente</span> <span class='ocrx_word' id='word_1_169' title='bbox 703 3054 830 3100; x_wconf 87' lang='lat' dir='ltr'>cavis</span> <span class='ocrx_word' id='word_1_170' title='bbox 853 3055 1115 3117; x_wconf 90' lang='lat' dir='ltr'>impositam</span> <span class='ocrx_word' id='word_1_171' title='bbox 1135 3056 1293 3102; x_wconf 90' lang='lat' dir='ltr'>ilicem</span> 
     </span>
     <span class='ocr_line' id='line_1_40' title="bbox 709 3120 1252 3182; baseline 0.004 -16"><span class='ocrx_word' id='word_1_172' title='bbox 709 3120 860 3178; x_wconf 74' lang='lat' dir='ltr'>Saxi8‚</span> <span class='ocrx_word' id='word_1_173' title='bbox 885 3121 1010 3167; x_wconf 89' lang='lat' dir='ltr'>unde</span> <span class='ocrx_word' id='word_1_174' title='bbox 1034 3121 1252 3182; x_wconf 83' lang='lat' dir='ltr'>loquaces</span> 
     </span>
     <span class='ocr_line' id='line_1_41' title="bbox 643 3183 1243 3247; baseline 0.005 -16"><span class='ocrx_word' id='word_1_175' title='bbox 643 3183 869 3247; x_wconf 83' lang='lat' dir='ltr'>Lymphae</span> <span class='ocrx_word' id='word_1_176' title='bbox 892 3186 1116 3233; x_wconf 89' lang='lat' dir='ltr'>desiliunt</span> <span class='ocrx_word' id='word_1_177' title='bbox 1137 3196 1243 3234; x_wconf 85' lang='lat' dir='ltr'>tuae.</span> 
     </span>
    </p>
   </div>
   <div class='ocr_carea' id='block_1_6' title="bbox 1702 238 1771 290">
    <p class='ocr_par' dir='ltr' id='par_1_21' title="bbox 1702 238 1771 290">
     <span class='ocr_line' id='line_1_42' title="bbox 1702 238 1771 290; baseline 0.029 -2"><span class='ocrx_word' id='word_1_178' title='bbox 1702 238 1771 290; x_wconf 76' lang='lat'>47</span> 
     </span>
    </p>
   </div>
   <div class='ocr_carea' id='block_1_7' title="bbox 1703 553 1770 602">
    <p class='ocr_par' dir='ltr' id='par_1_22' title="bbox 1703 553 1770 602">
     <span class='ocr_line' id='line_1_43' title="bbox 1703 553 1770 602; baseline 0 0"><span class='ocrx_word' id='word_1_179' title='bbox 1703 553 1770 602; x_wconf 84' lang='lat'>30</span> 
     </span>
    </p>
   </div>
   <div class='ocr_carea' id='block_1_8' title="bbox 1698 2796 1756 2843">
    <p class='ocr_par' dir='ltr' id='par_1_23' title="bbox 1698 2796 1756 2843">
     <span class='ocr_line' id='line_1_44' title="bbox 1698 2796 1756 2843; baseline 0 0"><span class='ocrx_word' id='word_1_180' title='bbox 1698 2796 1756 2843; x_wconf 90' lang='lat'>10</span> 
     </span>
    </p>
   </div>
   <div class='ocr_carea' id='block_1_9' title="bbox 1692 3102 1777 3169">
    <p class='ocr_par' dir='ltr' id='par_1_24' title="bbox 1692 3102 1777 3169">
     <span class='ocr_line' id='line_1_45' title="bbox 1692 3102 1777 3169; baseline 0 0"><span class='ocrx_word' id='word_1_181' title='bbox 1692 3102 1777 3169; x_wconf 70' lang='grc' dir='ltr'>ιε’</span> 
     </span>
    </p>
   </div>
  </div>
 </body>
</html>
