1936 3450
177 232 271 291 154
704 229 755 276 Q.
786 228 1026 269 HORATII
1054 229 1258 270 FLACCI

237 347 526 407 Praeconem‚
544 348 675 395 tenui
699 364 864 408 censu,
887 349 989 396 sine
1012 349 1210 396 crimine
1232 358 1423 408 notum3
1735 351 1802 402 55

237 412 300 459 Et
321 429 566 475 properare
589 414 708 473 loco,
732 423 779 460 et
802 430 1002 474 cessare,
1026 424 1074 462 et
1095 429 1319 476 quaerere,
1343 425 1391 464 et
1413 415 1499 476 uti,

236 479 533 526 Gaudentem
557 480 800 542 parvisque
825 481 1061 527 sodalibus
1084 491 1131 528 et
1154 482 1250 528 lare
1274 491 1418 543 certo,

237 543 300 591 Et
322 545 461 604 ludis,
485 554 547 604 et,
571 556 674 608 post
697 546 856 592 decisa
879 547 1083 609 negotia,
1108 547 1302 608 Campo.

238 614 267 635 “
290 583 461 657 Scitari
484 612 598 660 libet
620 628 679 658 ex
701 611 802 699 ipso
824 627 1114 674 quaecunque
1139 613 1310 667 refers:
1345 612 1424 659 dic

236 676 315 723 Ad
340 692 523 723 coenam
548 678 731 725 veniat!
786 672 928 724 Non
952 694 1066 734 sane
1093 679 1283 725 credere
1309 677 1486 726 Mena:
1699 734 1701 737 ¹
1736 679 1802 728 60

236 741 399 789 Mirari
424 759 584 789 secum
604 744 785 790 tacitus
854 732 988 793 Quid
1013 744 1192 793 multa
1176 745 1195 780 'P
1232 748 1260 768 “
1286 741 1550 806 Benigne?

235 807 526 869 Respondet.
596 813 625 834 “
647 809 804 871 Neget
827 809 905 856 ille
929 809 1111 856 mihiP'
1139 813 1168 834 “
1187 809 1348 872 Negat
1372 810 1624 872 improbus,
1648 818 1697 858 et
1719 819 1766 859 te

235 873 463 936 Negligit,
487 884 567 921 aut
590 875 790 922 horret.’'
863 875 1103 923 Vulteium
1127 874 1266 922 mane
1292 876 1535 938 Philippus

234 939 361 986 Vilia
385 941 665 987 vendentem
689 941 899 988 tunicato
922 950 1078 987 scruta
1100 942 1281 1003 popello

234 1004 469 1067 Occupat,
494 1016 541 1053 et
563 1007 738 1053 salvere
757 1007 890 1083 jubet
912 1008 1053 1081 prior..
1120 1006 1206 1053 Ille
1230 1007 1446 1070 Philippo
1735 1008 1800 1056 65

234 1070 473 1118 Excusare
496 1072 702 1120 laborem
711 1082 772 1127 et
797 1073 1087 1131 mercenaria
1109 1073 1279 1132 vincla,

231 1135 380 1187 Quod
405 1154 498 1184 non
524 1154 662 1185 mane
689 1140 877 1185 domum
902 1140 1125 1196 venisset;
1162 1140 1381 1201 denique,
1403 1136 1527 1203 quod
1551 1155 1648 1188 non

232 1202 515 1250 Providisset
537 1221 658 1251 eum.
729 1205 891 1251 “Sic
880 1221 1010 1266 ignox
1021 1221 1111 1251 1sse
1134 1215 1294 1267 putato
1399 1244 1405 1250 .
1510 1195 1527 1227 ³

231 1268 314 1315 Me
337 1270 437 1328 tibi,
462 1271 500 1316 si
524 1286 684 1317 coenas
709 1271 845 1317 hodie
869 1271 1102 1317 1necum.''
1173 1270 1285 1318 “Ut
1306 1271 1449 1318 libet!
1454 1272 1465 1293 '
1535 1275 1566 1296 “
1590 1270 1719 1336 Ergo

231 1335 342 1382 Post
364 1352 536 1382 nonam
562 1337 747 1383 venies:
784 1352 912 1382 nunc
935 1337 968 1394 i,
992 1352 1089 1382 rem
1115 1344 1332 1383 strenuus
1355 1337 1522 1400 auge.”
1734 1337 1798 1387 70

230 1401 294 1448 Ut
317 1411 506 1449 ventum
531 1403 589 1448 ad
614 1418 796 1448 coenam
823 1411 909 1459 est,
933 1402 1136 1448 dicenda
1158 1403 1358 1449 tacenda
1380 1403 1579 1463 locutus,

231 1467 452 1513 Tandem
478 1468 730 1514 dormitum
753 1469 1012 1514 dimittitur.
1084 1468 1197 1527 Hic,
1221 1469 1301 1515 ubi
1325 1466 1450 1531 saepe

229 1532 486 1580 Occultum
510 1534 635 1579 visus
659 1534 907 1580 decurrere
932 1533 1074 1596 piscis
1099 1535 1157 1580 ad
1183 1535 1390 1594 hamum,

230 1597 376 1646 Mane
402 1600 567 1658 clienS‚
592 1609 638 1646 et
657 1599 753 1662 jam
779 1609 933 1646 certus
958 1600 1167 1658 conviva,
1188 1599 1376 1661 jubetur

231 1665 365 1712 Rura
388 1666 656 1714 suburbana
681 1665 871 1714 indictis
895 1681 1053 1712 comes
1078 1666 1144 1712 ire
1169 1665 1363 1712 Latinis.
1729 1668 1794 1715 75

228 1730 480 1794 Impositus
503 1732 688 1778 mannis
713 1748 872 1778 arvum
897 1731 1161 1792 coelumque
1186 1732 1414 1778 Sabinum

228 1796 341 1844 Non
366 1807 518 1844 cessat
541 1797 745 1844 laudare.
815 1798 973 1855 Videt,
997 1797 1208 1858 ridetque
1233 1797 1504 1860 Philippus:

227 1863 305 1922 Et,
330 1864 417 1910 sibi
442 1864 554 1909 dum
579 1864 802 1925 requiem,
827 1864 940 1914 dum
964 1863 1083 1909 risus
1107 1863 1312 1924 undique
1335 1863 1515 1925 quaerit,

226 1928 351 1975 Dum
376 1939 553 1991 septem
579 1930 720 1976 donat
743 1929 968 1988 sestertia,
995 1937 1156 1975 mutua
1179 1938 1357 1990 septem

225 1994 473 2054 Promittit,
497 1996 745 2057 persuadet
768 1993 835 2041 uti
860 2003 1091 2041 mercetur
1116 1995 1333 2057 agellum.
1574 2015 1579 2027 ¹»
1724 1994 1791 2044 8⁰

226 2060 492 2107 Mereatur:
528 2077 589 2107 ne
612 2070 657 2107 te
681 2062 834 2122 longis
859 2061 1135 2122 ambagibus
1159 2058 1280 2107 ultra

223 2125 387 2176 Quam
412 2124 523 2173 satis
547 2136 616 2172 est
640 2142 791 2173 morer
810 2143 822 2183 3
859 2143 916 2173 ex
936 2126 1085 2184 nitido
1108 2126 1158 2173 fit
1181 2126 1398 2184 rusticus,
1424 2133 1561 2188 atque

227 2192 394 2239 Sulcos
418 2202 464 2238 et
489 2192 643 2241 vineta
667 2202 826 2253 crepat
849 2207 992 2250 mera,
1016 2200 1242 2253 praeparat
1266 2190 1429 2250 ulmos,

223 2257 494 2304 Immoritur
519 2258 700 2316 studiis,
725 2266 771 2304 et
795 2274 950 2304 amore
974 2258 1177 2303 senescit
1200 2256 1418 2303 habendi.

222 2322 403 2370 Verum
429 2323 508 2369 ubi
531 2340 640 2370 oves
665 2324 800 2382 furto,
825 2323 987 2370 morbo
1009 2322 1191 2384 periere
1216 2322 1423 2384 capellae,
1721 2323 1787 2372 85

224 2390 365 2451 Spem
391 2389 586 2436 mentita
609 2405 759 2451 seges,
786 2390 868 2436 bos
885 2399 956 2435 est
977 2398 1171 2435 enectus
1195 2389 1397 2446 arand03

221 2455 448 2501 Offensus
469 2455 669 2514 damnis,
694 2455 849 2501 media
873 2455 931 2502 de
956 2464 1094 2502 nocte
1119 2455 1352 2503 caballum

226 2521 417 2582 Arripit,
444 2521 678 2583 iratusque
705 2521 906 2595 Philippi
930 2521 1081 2583 tendit
1105 2522 1163 2567 ad
1188 2522 1325 2586 aedes.

220 2586 381 2635 Quem
407 2587 543 2633 simul
567 2587 745 2648 aspexit
770 2587 987 2633 scabrum
1008 2587 1335 2648 intonsumque
1361 2575 1618 2647 Philippus,

222 2655 251 2676 “
273 2650 479 2709 Durus,’'
507 2652 585 2711 ait,
611 2652 838 2711 “Vultei,
863 2652 1003 2698 nimis
1026 2660 1321 2713 attentusque
1345 2652 1513 2699 videris
1718 2652 1785 2700 90

219 2716 336 2762 Esse
360 2717 520 2763 mihiss’
592 2722 621 2743 “
643 2718 740 2776 Pol,
764 2733 839 2764 me
865 2718 1103 2777 miserum,
1127 2727 1337 2779 patrone,
1359 2733 1564 2777 vocares,

221 2782 272 2828 Si
297 2782 484 2841 velles‚'’
507 2782 672 2843 inquit,
698 2787 726 2808 “
754 2799 913 2829 verum
938 2783 1053 2829 mihi
1072 2799 1244 2845 ponere
1268 2798 1454 2830 nomen.

216 2847 364 2897 Quod
389 2856 434 2893 te
457 2863 539 2908 per
564 2843 787 2908 Genium,
811 2849 1129 2910 dextramque,
1149 2849 1350 2935 deosque
1374 2848 1576 2896 Penates

218 2912 432 2959 Obsecro
457 2921 503 2958 et
525 2913 746 2970 obtestor,
770 2914 874 2959 vitae
898 2930 972 2960 me
996 2914 1139 2960 redde
1162 2913 1332 2975 priori.'

283 2977 385 3027 Qui
409 2978 553 3024 semel
579 2979 756 3039 aspexit
780 2977 1005 3039 quantum
1030 2979 1220 3025 dimissa
1242 2979 1398 3039 petitis
1465 3032 1467 3034 v
1554 3039 1561 3043 .
1714 2979 1781 3027 95

219 3043 462 3103 Praestent,
487 3041 668 3090 mature
694 3045 868 3102 redeat,
888 3053 1156 3105 repetatque
1182 3044 1357 3092 relicta.
1685 3047 1695 3062 ‘

220 3108 379 3155 Metiri
403 3125 453 3156 se
477 3124 706 3171 quemque
732 3124 817 3156 suo
842 3109 1030 3156 modulo
1053 3125 1109 3157 ac
1132 3110 1252 3172 pede
1277 3125 1438 3157 verum
1460 3117 1544 3158 est.
