1976 3432
210 235 278 284 70
741 233 791 280 Q.
822 233 1063 273 HORATII
1090 233 1309 275 FLACCI.

472 349 695 414 Impune,
717 351 855 411 Lolli,
880 368 1069 415 carpere
1092 352 1269 399 lividas.

471 417 760 466 Obliviones.
818 418 904 466 Est
927 418 1111 465 animus
1133 418 1215 465 tibi

538 483 815 546 Rerumque
837 484 1060 546 prudens,
1083 493 1128 531 et
1152 484 1377 531 secundis
1495 494 1499 495 ’
1777 486 1843 536 35

549 575 553 579 -
604 548 920 611 Temporibus
943 550 1188 612 dubiisque
1211 559 1368 598 rectus
1381 566 1396 607 3

471 615 662 662 Vindex
685 631 832 662 avarae
858 615 1048 674 fraudiS‚
1074 625 1122 662 et
1144 615 1385 664 abstinens

472 680 704 728 Ducentis
727 681 786 727 ad
810 697 860 727 se
885 690 1058 727 cuncta
1078 681 1321 743 pecuniae3

537 746 809 808 Consulque
832 763 927 792 non
951 746 1092 793 unius
1115 747 1243 806 anni,

603 813 699 859 Sed
721 813 902 874 quoties
925 812 1075 858 bonus
1098 824 1234 874 atque
1258 812 1382 859 fidus
1774 814 1841 863 40

472 877 629 924 Judex
652 879 899 924 honestum
923 878 1124 939 praetulit
1146 878 1264 938 utili,
1287 886 1336 925 et

472 943 663 1005 Rejecit
685 943 777 990 alto
800 943 923 1008 dona
946 944 1219 990 nocentium

537 1009 701 1068 Vultu,
724 1018 771 1056 et
792 1025 874 1071 per
896 1009 1134 1056 obstantes
1157 1018 1366 1056 catervas

602 1075 840 1137 Explicuit
863 1091 947 1121 sua
971 1075 1115 1122 victor
1139 1091 1280 1122 arma.

474 1140 587 1188 Non
610 1141 926 1205 possidentem
949 1141 1096 1187 multa
1118 1139 1355 1188 vocaveris
1779 1141 1844 1191 45

472 1205 629 1255 Recte
655 1208 870 1253 beatum:
905 1204 1081 1254 rectius
1103 1215 1304 1269 occupat

536 1273 725 1320 Nomen
750 1272 888 1331 beati,
913 1272 991 1334 qui
1016 1273 1210 1320 deorum

602 1337 882 1386 Muneribus
905 1338 1136 1400 sapienter
1160 1338 1245 1397 uti,

471 1404 742 1466 Duramque
766 1404 904 1450 callet
925 1405 1194 1466 pauperiem
1217 1404 1331 1467 pati,

471 1470 701 1533 Pejusque
724 1470 817 1517 leto
841 1469 1067 1532 flagitium
1090 1470 1250 1528 timet3
1547 1492 1551 1495 ’
1778 1470 1845 1520 50

536 1535 650 1583 Non
675 1536 751 1583 ille
774 1551 856 1598 pro
879 1536 1000 1582 caris
1024 1536 1188 1582 amicis

601 1602 702 1649 Aut
723 1601 873 1665 patriai
896 1601 1089 1648 timidus
1110 1602 1276 1664 perire.

905 1864 1044 1910 ODE
1067 1865 1157 1911 IX.

837 1978 903 2010 AD
926 1979 1222 2012 LIGURINUM.

260 2076 261 2080 ’
342 2061 389 2109 Ο
413 2077 654 2109 cminnms
679 2062 852 2121 adhuc,
876 2070 923 2108 et
946 2061 1443 2110 Veneris-muneribus
1466 2071 1648 2127 potens,

349 2127 586 2190 insperata
608 2137 700 2176 tuae
723 2143 867 2190 quum
891 2128 1046 2176 veniet
1067 2128 1227 2190 pluma
1249 2129 1494 2190 superbiae,

350 2194 418 2253 Et,
441 2209 544 2255 quae
568 2210 697 2241 nunc
721 2193 1207 2252 humeris'involitant‚
1231 2194 1492 2242 deciderint
1514 2210 1681 2256 comae,

346 2259 487 2307 Nunc
510 2268 557 2306 et
579 2261 657 2323 qui
677 2260 802 2307 color
826 2268 896 2306 est
919 2259 1133 2321 puniceae
1159 2259 1268 2306 flore
1291 2261 1414 2322 prior
1438 2277 1554 2308 rosae

349 2323 554 2372 Mutatus
578 2325 856 2388 Ligurinum
883 2325 931 2371 in
957 2325 1124 2372 faciem
1150 2325 1334 2373 verterit
1353 2327 1610 2389 hispidam3
1807 2328 1842 2375 5

351 2390 503 2450 DiceS‚
529 2395 558 2416 “
576 2391 687 2438 Heu
700 2392 742 2449 !’„’
771 2389 972 2453 (quoties
996 2400 1041 2438 te
1065 2392 1113 2438 in
1138 2391 1328 2454 speculo
1352 2393 1521 2440 videris
1543 2391 1763 2459 alterum)

346 2460 374 2481 “
390 2457 517 2507 Quae
541 2474 675 2504 mens
698 2465 770 2505 est
794 2456 948 2515 hodie,
974 2473 1058 2503 cur
1082 2458 1365 2504 eademmon
1388 2474 1534 2520 puero
1557 2458 1677 2506 fuit?

342 2522 431 2570 Vel
455 2538 539 2570 cur
562 2523 634 2570 his
657 2523 825 2570 animis
850 2522 1108 2569 incolumes
1131 2539 1223 2570 non
1250 2523 1447 2571 redeunt
1469 2539 1603 2587 genae
1622 2524 1672 2572 'l''

911 2783 1048 2831 ODE
1071 2783 1147 2831 X.

828 2898 894 2930 An
918 2885 1219 2930 pantini-M.

471 2979 573 3026 Es'r
596 2979 711 3026 mihi
735 2996 910 3026 nonum
935 2978 1197 3043 superantis
1219 2994 1396 3026 annum

471 3045 645 3091 Plenus
667 3044 841 3091 Albani
866 3047 1038 3092 cadus:
1074 3054 1144 3092 est
1167 3043 1215 3090 in
1239 3044 1388 3105 horto,

472 3110 640 3173 Phylli,
664 3111 909 3158 nectendis
933 3111 1095 3173 apium
1111 3109 1318 3158 coronis:

861 3175 947 3224 Est
970 3177 1152 3223 hederae
1177 3174 1245 3223 vis
