1936 3450
198 230 294 287 102
738 236 791 282 Q.
821 234 1064 276 HORA'rn
1091 234 1296 275 FLAcci

265 354 523 404 Certatim:
557 355 749 402 tandem
775 355 924 404 fessus
948 354 1150 402 dormire
1173 354 1320 401 viator
1365 366 1370 371 ’
1439 408 1441 410 ,

266 422 465 483 Incipit;
502 436 558 469 ac
582 421 736 467 missae
760 430 944 483 pastum
969 421 1230 468 retinacula
1252 419 1392 466 mulae
1420 417 1450 456 ὅ
1462 446 1468 454 =

266 486 429 534 Nauta
451 487 583 549 piger
607 487 924 549 saxorreligass
951 486 1201 547 stertitque
1218 485 1428 549 supinus.

267 553 468 614 Jamque
492 553 593 599 dies
617 553 794 612 aderat,
818 569 960 614 quum
987 553 1058 609 nil·
1077 547 1334 614 procedens
1354 551 1542 598 lintrem
1728 568 1735 573 ²
1767 551 1836 600 20

266 620 536 681 Sentimus3
567 619 725 665 donec
750 619 1022 665 cerebrosus
1044 617 1219 680 prosilit
1245 619 1380 676 unus,
1523 633 1527 636 ’

236 688 240 710 ¹
267 686 344 731 Ac
367 685 511 730 mulae'
529 695 776 745 nautaeque
800 693 942 745 caput
965 684 1240 744 lumbosque
1265 683 1446 746 saligno
1516 724 1519 726 ,

267 750 414 797 Fuste
442 750 593 796 dolat:
630 750 795 811 quarta
819 750 894 795 vix
917 750 1107 795 demum
1124 747 1410 810 *exponimur
1434 747 1562 795 hora.

266 817 367 863 Ora
390 832 649 877 manusque
673 817 755 862 tua
779 816 991 873 lavimus,
1018 815 1239 873 Feronia,
1263 813 1467 877 lympha.
1712 850 1713 862 ¹

268 881 422 928 Millia
442 891 543 928 tum
570 882 728 944 pransi
752 881 842 927 tria
866 882 1088 942 repimus,
1114 890 1251 941 atque
1276 881 1490 939 subimus
1649 902 1652 903 ⁷
1731 898 1734 903 ’
1769 880 1835 927 25

267 947 547 1009 Impositum
572 948 696 995 saxis
719 945 813 993 late
841 946 1154 993 candentibus
1179 947 1362 992 Anxur.
1591 952 1595 955 '
1758 950 1782 972 *ἃ

268 1013 382 1059 Huc
406 1023 629 1060 venturus
653 1022 753 1060 erat
777 1012 1033 1071 Maecenas,
1057 1012 1261 1074 optimus
1284 1020 1423 1073 atque
1495 1017 1499 1019 “
1672 1011 1676 1016 ’

269 1079 673 1138 Cocceius„missi
697 1079 881 1141 magnis
905 1080 962 1124 de
988 1078 1128 1124 rebus
1151 1087 1347 1138 uterque

269 1145 453 1208 Legati,
478 1161 661 1192 aversos
686 1145 807 1191 soliti
827 1160 1108 1205 componere
1134 1143 1322 1190 amicos.
1734 1201 1744 1204 -

269 1211 367 1257 Hic
391 1211 541 1258 oculis
565 1227 654 1273 ego
677 1211 813 1273 nigra
835 1210 953 1256 meis
977 1209 1168 1270 collyria
1193 1210 1352 1270 lippus>
1384 1270 1387 1273 Δ
1662 1224 1671 1234 ”
1703 1214 1719 1237 ³2
1771 1208 1836 1256 30

268 1276 475 1323 Illinere.
544 1277 734 1323 Interea
759 1276 998 1322 Maecenas
1022 1275 1212 1322 advenit
1235 1284 1374 1336 atque
1452 1312 1454 1315 -
1750 1271 1756 1279 ⁸

269 1342 521 1402 Cocceius,
546 1342 809 1404 Capitoque
831 1342 966 1388 simul
994 1341 1237 1399 Fonteius,
1263 1342 1320 1387 ad
1345 1355 1553 1402 unguem

269 1408 447 1455 Factus
472 1410 627 1467 homo,
653 1407 852 1467 Antoni,
877 1424 978 1467 non·
998 1417 1051 1456 ut
1073 1405 1225 1469 magis
1249 1407 1381 1465 alter,
1406 1405 1601 1453 amicus.

335 1474 529 1521 Fundos
554 1474 747 1520 Aufidio
771 1474 927 1520 Lusco
949 1482 1145 1535 praetore
1165 1473 1363 1519 libenter

269 1539 567 1602 Linquimus,
593 1540 747 1586 insani
771 1540 978 1586 ridentes
1001 1538 1194 1602 praemia
1217 1537 1400 1596 scribae,
1503 1584 1505 1586 ,
1772 1538 1836 1585 35
1928 1534 1936 1582 ,4

269 1606 565 1665 Praetextam,
590 1615 636 1652 et
659 1606 803 1653 latum
828 1605 1029 1664 clavum,
1051 1612 1308 1667 prunaeque
1332 1602 1558 1650 batillum.

269 1672 326 1719 In
354 1672 700 1719 Mamurrarum
725 1672 835 1719 lassi
860 1671 1031 1718 deinde
1055 1671 1171 1717 urbe
1195 1682 1459 1727 manemus,

272 1737 489 1784 Muraena
511 1739 751 1799 praebente
776 1739 985 1796 domum,
1010 1737 1241 1798 Capitone
1265 1736 1486 1782 culinam.
1561 1748 1566 1750 ’

335 1805 527 1851 Postera
550 1805 630 1850 lux
651 1804 796 1851 oritur
820 1801 968 1850 multo
994 1802 1257 1865 gratissima
1278 1818 1288 1847 ε
1324 1816 1526 1862 namque
1639 1853 1644 1864 ¹

269 1868 448 1917 Plotius
471 1879 518 1916 et
541 1870 714 1916 Varius
740 1870 977 1916 Sinuessae
997 1868 1314 1930 Virgiliusque
1771 1866 1835 1913 40

270 1936 569 1992 Occurrunt;
607 1936 791 1994 animae,
815 1936 975 1996 quales
998 1950 1149 1996 neque
1174 1933 1474 1981 candidiores.

269 2002 424 2048 Terra
446 2002 570 2060 tulit,
591 2018 742 2063 neque
766 2002 898 2063 queis
915 2017 990 2047 me
1015 2000 1074 2046 sit
1098 1999 1357 2046 devinctior
1381 1998 1507 2045 alten

269 2067 316 2114 O
339 2068 418 2129 qui
445 2069 716 2129 complexus
741 2077 787 2113 et
810 2067 985 2129 gaudia
1007 2075 1180 2128 quanta
1206 2064 1418 2110 fuerunt!

268 2133 351 2179 Nil
376 2150 464 2195 ego
488 2134 767 2180 contulerim
787 2133 1000 2195 jucundo
1019 2147 1161 2177 sanus
1185 2130 1354 2177 amico.

269 2198 491 2246 Proxima
517 2199 760 2260 Campano
783 2198 912 2260 ponti
936 2213 1039 2259 quae
1064 2197 1220 2242 villula
1242 2204 1418 2242 tectum
1767 2195 1853 2242 45.
1907 2207 1936 2249 ,4

267 2265 490 2322 Praebuit,
515 2274 561 2311 et
583 2263 791 2326 parochi,
815 2279 917 2325 quae
941 2264 1129 2320 debent,
1152 2261 1283 2324 ligna
1306 2261 1556 2322 salemque.

269 2330 400 2376 Hinc
424 2330 537 2376 muli
553 2330 738 2392 Capuae
766 2329 961 2376 clitellas
985 2340 1191 2390 tempore
1215 2335 1409 2389 ponunt.

268 2396 449 2444 Lusum
475 2396 509 2442 it
533 2395 796 2452 Maecenas3
834 2395 1086 2442 dormitum
1110 2409 1199 2456 ego
1223 2391 1569 2455 virgiliusque:
1874 2445 1883 2455 x
1924 2432 1936 2461 k,

267 2462 486 2523 Namque
510 2462 605 2523 pila
628 2461 764 2523 lippis
789 2461 1032 2507 inimicum
1058 2469 1104 2506 et
1127 2460 1288 2505 ludere
1312 2457 1485 2504 crudis
1880 2458 1883 2470 ”
1924 2460 1936 2515 3

334 2527 465 2575 Hinc
488 2544 574 2574 nos
597 2526 790 2577 Cocceii
816 2526 981 2589 recipit
1004 2524 1273 2589 plenissima
1296 2524 1417 2582 villa,
1765 2523 1831 2570 50
1911 2517 1936 2585 J'

265 2592 392 2641 Quae
417 2609 555 2654 super
579 2602 649 2638 est
673 2592 825 2638 Caudi
852 2608 1101 2654 cauponas,
1171 2590 1316 2636 Nunc
1339 2588 1452 2635 mihi
1470 2586 1635 2650 paucis

268 2659 503 2705 Sarmenti
529 2673 700 2704 scurrae
723 2674 929 2720 pugnam
956 2654 1194 2717 Messique
1219 2655 1405 2713 Cicirri,

267 2722 424 2781 Musa,
451 2724 586 2770 velim
612 2738 868 2780 memores;
906 2733 953 2770 et
975 2738 1067 2784 quo
1089 2730 1218 2784 patre
1242 2729 1381 2766 natus
1404 2727 1599 2780 uterque

267 2788 531 2835 Contulorit
554 2789 671 2835 lites,
731 2788 879 2835 Messi
904 2789 1081 2835 clarum
1105 2801 1254 2848 genus
1276 2784 1420 2842 Osci;

268 2854 503 2900 Sarmenti
528 2855 719 2900 domina
741 2863 903 2901 exstat.
974 2854 1052 2903 Ab
1076 2853 1148 2899 his
1171 2851 1423 2913 majoribus
1445 2848 1534 2896 orti
1762 2851 1838 2896 55'

265 2918 344 2965 Ad
367 2934 574 2981 pugnam
598 2918 784 2966 venere.
855 2920 987 2966 Prior
1012 2919 1314 2965 Sarmentus:
1351 2920 1379 2940 “
1401 2915 1523 2977 Equi
1547 2924 1593 2969 te

265 2983 383 3031 Esse
408 2984 492 3031 feri
515 2985 714 3030 similem
739 2985 889 3030 dico.''
960 2984 1216 3030 Ridemus:
1253 2991 1299 3028 et
1323 2980 1422 3043 ipse
1916 2997 1936 3069 ἓ

266 3048 487 3109 Messius,
515 3053 543 3074 “
559 3049 813 3111 Accipio&
850 3058 989 3111 caput
1011 3057 1058 3094 et
1081 3056 1245 3094 movet.
1317 3051 1345 3071 “
1363 3046 1408 3092 Ο
1432 3055 1513 3093 tua
1535 3060 1682 3098 cornu
1705 3097 1708 3101 ,
1917 3055 1936 3104 ῃ

264 3114 330 3161 Ni
356 3115 471 3162 foret
494 3123 683 3161 exsecto
709 3115 879 3174 frons,”
907 3114 1070 3175 inquit,
1096 3117 1125 3136 “
1142 3113 1253 3174 quid
1279 3112 1474 3170 faceres,
1497 3127 1639 3173 quurr·
1910 3104 1936 3285 Ξ

1926 3178 1936 3203 4

1909 3283 1920 3304 l

266 3180 348 3227 Sic
371 3181 562 3228 mutilus
585 3180 845 3228 minitaris?
861 3181 888 3201 ’'
958 3180 1024 3225 At
1047 3179 1114 3225 illi
1139 3179 1262 3225 foeda
1284 3177 1476 3225 cicatrix
1760 3175 1824 3222 60
