1976 3432
707 269 1037 310 CARMINUM
1065 268 1175 309 LIB.
1205 268 1284 308 IV.

630 390 786 438 Curru
809 390 951 438 ducet
973 389 1192 441 Achaico

336 501 340 507 .
371 456 639 514 Victorem3
677 472 829 518 neque
852 471 926 502 res
949 455 1117 501 bellica
1139 453 1291 501 Deliis

628 522 861 570 Ornatum
885 522 1005 568 foliis
1028 521 1216 579 ducem,

368 587 520 640 Quod
541 604 704 652 regum
729 588 931 635 tumidas
954 586 1218 633 contuderit
1241 584 1410 645 minas,

629 653 864 701 Ostendet
886 652 1145 714 Capitolio:

375 721 471 768 Sed
493 736 597 784 quae
621 719 774 767 Tibur
798 735 866 781 aq
859 734 928 768 1ae
953 718 1101 765 fertile
1122 715 1390 781 praefluunt,

632 785 694 832 Et
717 786 877 848 spissae
901 782 1145 831 nemorum
1169 797 1334 841 comae,

370 851 579 916 Fingent
602 851 760 898 AEolio
782 851 991 898 carmine
1014 848 1235 896 nobilem.

634 917 802 965 Romae
825 916 1049 979 principis
1072 915 1260 961 urbium

373 983 607 1047 Dignatur
630 983 811 1030 soboles
834 983 954 1029 inter
979 981 1203 1028 amabiles

630 1048 804 1096 Vatum
828 1063 1002 1111 ponere
1026 1063 1101 1094 me
1125 1047 1321 1103 choros3

378 1117 475 1167 Et
458 1133 555 1180 jam
578 1115 719 1162 dente
746 1112 901 1162 minus
925 1103 1138 1160 mordeor
1162 1110 1341 1159 invido.

636 1182 699 1240 O,
723 1180 971 1243 testudinis
995 1194 1148 1237 aureae

375 1250 577 1299 Dulcem
599 1263 702 1310 quae
726 1239 985 1309 strepitum,
1010 1245 1152 1304 Pieri,
1177 1253 1436 1306 temperas;

637 1312 684 1359 O
708 1314 849 1359 mutis
871 1327 1056 1374 quoque
1078 1311 1288 1373 piscibus

370 1383 615 1431 Donatura
637 1379 791 1441 cycni,
817 1379 855 1425 si
878 1379 1035 1436 libeat,
1060 1377 1253 1424 sonum!

630 1445 808 1492 Totum
832 1443 1041 1491 muneris
1060 1445 1150 1490 hoc
1172 1443 1240 1490 tui
1263 1450 1350 1501 est,

329 1543 332 1546 «
366 1512 515 1566 Quod
539 1520 767 1560 monstror
791 1511 938 1572 digito
961 1509 1339 1572 praetereuntium

629 1578 863 1624 Romanae
888 1573 1061 1622 fidicen
1083 1577 1221 1638 lyrae:

367 1644 519 1698 Quod
542 1644 666 1707 spiro
687 1652 735 1690 et
756 1643 920 1706 placeo
948 1641 1009 1706 (si
1032 1643 1239 1706 placeo),
1263 1649 1395 1687 tuum
1418 1647 1503 1686 est.

855 1908 995 1957 ODE
1030 1907 1122 1955 III.

807 2025 956 2057 DRUSI
979 2023 1188 2056 LAUDES.

431 2111 655 2163 QUALEM
677 2109 942 2158 ministrum
963 2107 1171 2154 fulminis
1190 2106 1350 2153 alitem

437 2177 553 2240 (Cui
571 2193 652 2223 rex
675 2177 869 2223 deorum
893 2189 1091 2236 regnum
1118 2173 1163 2220 in
1190 2189 1298 2219 aves
1321 2188 1464 2236 vagas

498 2243 730 2301 Permisit,
754 2250 971 2304 expertus
995 2239 1180 2286 fidelem

562 2309 744 2383 Jupiter
769 2307 816 2354 in
840 2306 1117 2380 Ganymede
1141 2303 1280 2368 flavo)

432 2375 561 2422 Olim
582 2375 813 2437 juventas,
837 2381 885 2419 et
906 2372 1082 2447 patrius
1107 2371 1251 2433 vigor,

430 2440 559 2487 Nido
582 2440 792 2486 laborum
815 2437 1047 2500 propulit
1036 2436 1270 2492 mscium;

497 2506 752 2567 Vernique,
773 2504 869 2566 jam
892 2502 1067 2549 nimbis
1083 2501 1290 2560 remotis,

560 2572 780 2618 Insolitos
803 2566 1007 2615 docuere
1030 2568 1162 2615 nisus

429 2636 575 2689 Venti
600 2645 872 2700 paventem3
909 2650 1016 2681 mox
1038 2633 1084 2680 in
1110 2632 1249 2680 ovilia

428 2704 631 2755 Demisit
653 2703 832 2750 hostem
856 2699 1286 2761 vividusff'mpetuffi

492 2770 639 2820 Nunc
664 2769 713 2815 in
739 2767 1022 2814 reluctantes
1045 2765 1276 2812 dracones

559 2835 670 2897 Egit
693 2849 821 2880 amor
845 2831 978 2894 dapis
999 2840 1137 2892 atque
1160 2845 1358 2892 pugnae:

424 2902 689 2954 Qualemve
713 2898 830 2946 laetis
852 2913 1022 2972 caprea
1044 2894 1234 2959 pascuis
1273 2918 1277 2925 ·

431 2968 621 3016 Intenta
644 2965 780 3012 fulvae
803 2963 964 3011 matris
985 2962 1046 3012 ab
1068 2961 1211 3007 ubere

492 3031 520 3078 J
525 3047 599 3078 am
618 3030 739 3087 lacte
762 3028 1010 3091 depulsum
1033 3027 1237 3085 leonem,

554 3096 709 3142 Dente
731 3111 851 3142 novo
874 3094 1094 3157 peritura,
1118 3092 1258 3139 vidit:

425 3160 604 3211 Videre
628 3160 812 3207 Rhaetis
835 3160 955 3207 bella
978 3159 1065 3205 sub
1089 3158 1290 3220 Alpibus

427 3228 633 3276 Drusum
657 3234 899 3287 gerentem
920 3223 1184 3279 Vindelici3
1220 3222 1390 3283 quibus

493 3290 599 3339 Mos
623 3290 748 3336 unde
773 3290 1002 3337 deductus
1024 3304 1105 3350 per
1129 3303 1268 3334 omne

1751 269 1816 317 63

1755 714 1815 763 10

1754 1044 1814 1092 15

1743 2698 1804 2747 10

1742 3024 1800 3072 15
