1936 3450
1396 0 1418 6 -
1566 9 1598 33 hu,
1659 0 1663 10 v
1677 0 1773 33 ¹421.
1787 3 1803 33 νζ
1820 15 1822 18 y

1657 39 1662 47 ι
1746 34 1776 47 Μ’.
1795 38 1855 62 [Ἴ

245 53 266 71 ν
1553 0 1669 126 ’ᾗ
1832 69 1853 82 Μ

1877 95 1885 105 t

716 123 718 126 .
1659 124 1662 130 Ι
1686 115 1692 118 -
1868 115 1886 146 ηις

678 168 679 171 ,
1580 158 1583 162 »
1739 162 1742 165 ,
1887 154 1895 167 η

1892 222 1895 230 ι

430 547 509 624 Q.
578 547 1038 625 ΗΟΒΑΤΠ
1105 514 1506 620 FLAccl

692 755 836 808 ARs
899 757 1243 838 POETICA.

740 1137 742 1139 >
809 1164 875 1196 AD
894 1139 1114 1203 ΡῙΞΟΝΕΞ.Δ

210 1246 438 1295 HUMANo
457 1247 598 1310 capiti
622 1248 853 1297 cervicem
871 1249 1020 1311 pictor
1035 1250 1256 1312 equinam

209 1312 240 1359 J
247 1329 420 1375 ungere
445 1314 482 1359 si
509 1314 630 1373 velit,
655 1323 701 1360 et
724 1315 872 1361 varias
896 1315 1122 1365 inducere
1145 1317 1328 1379 plumas

213 1379 428 1441 Undique
453 1380 634 1426 collatis
660 1381 896 1440 membris,
923 1390 972 1428 ut
995 1383 1190 1444 turpiter
1213 1393 1366 1432 atrum

208 1445 409 1492 Desinat
432 1446 479 1494 in
505 1446 682 1508 piscem
708 1447 874 1494 mulier
899 1447 1098 1494 formosa
1117 1447 1340 1511 superne,

143 1558 146 1559 a
209 1512 485 1574 Spectatum
509 1512 700 1559 admissi
723 1513 867 1560 risum
892 1514 1107 1572 teneatiS,
1134 1515 1312 1562 amici?

207 1577 417 1636 Credite,
443 1577 653 1637 Pisones,
674 1578 748 1626 isti
763 1579 933 1626 tabulae
959 1580 1056 1626 fore
1074 1580 1245 1627 librum

205 1643 516 1703 Persimilem,
539 1645 689 1711 cujus,
713 1645 838 1693 velut
862 1646 973 1708 aegri
997 1646 1193 1706 somnia,
1216 1663 1346 1700 vanae

204 1709 470 1772 Fingentur
495 1711 702 1772 species3
738 1720 789 1758 ut
813 1727 903 1758 nec
924 1727 1023 1774 peS,
1047 1728 1139 1758 nec
1162 1723 1302 1776 caput
1324 1714 1407 1766 uni

205 1776 455 1825 Reddatur
480 1777 986 1827 formae.—Pictoribus
1010 1786 1148 1840 atque
1170 1778 1323 1847 poetis
1379 1799 1381 1802 ·

203 1842 455 1893 Quidlibet
479 1843 684 1890 audendi
707 1859 890 1906 semper
909 1844 995 1891 fuit
1019 1861 1150 1906 aequa
1167 1855 1451 1909 potestas.-
1716 1849 1780 1897 10

206 1908 411 1968 ScimuS,
436 1917 483 1955 et
506 1910 629 1955 hanc
649 1910 832 1956 veniam
854 1911 1146 1973 petimusque
1171 1912 1427 1975 damusque
1451 1912 1654 1970 vicissim
1667 1929 1681 1973 3

206 1975 303 2021 Sed
327 1991 422 2021 non
447 1983 498 2021 ut
519 1975 718 2036 placidis
741 1979 913 2023 coeant
936 1977 1158 2035 immitia3
1195 1993 1290 2025 non
1314 1987 1366 2026 ut

207 2041 461 2102 Serpentes
485 2042 646 2087 avibus
669 2041 984 2104 geminentur,
1008 2043 1208 2105 tigribus
1226 2044 1350 2106 agni.

270 2105 480 2169 Inceptis
503 2108 721 2169 gravibus
742 2106 1016 2170 plerumque
1040 2118 1086 2157 et
1109 2125 1280 2171 magna
1297 2110 1516 2171 professis

203 2172 490 2234 Purpureus,
515 2171 607 2220 late
634 2173 714 2235 qui
738 2174 997 2235 splendeat,
1022 2190 1146 2221 unus
1169 2184 1216 2221 et
1241 2175 1355 2222 alter
1714 2178 1779 2232 15

207 2238 426 2285 Assuitur
448 2255 634 2300 pannus
654 2256 664 2296 3
700 2255 843 2300 quum
867 2240 1002 2286 lucus
1025 2249 1072 2287 et
1096 2257 1175 2287 ara
1199 2239 1382 2300 Dianae,

203 2303 266 2351 Et
287 2306 578 2367 properantis
604 2321 734 2366 aquae
757 2321 839 2367 per
863 2322 1072 2353 amoenos
1095 2306 1296 2353 ambitu-s
1319 2322 1473 2370 agros,

202 2371 304 2417 Aut
327 2369 501 2417 flumen
527 2371 770 2430 Rhenum,
796 2380 875 2418 aut
891 2372 1075 2434 pluvius
1098 2373 1379 2420 describitur
1403 2389 1541 2425 arcus
1561 2391 1578 2426 :1

204 2436 300 2483 Sed
324 2453 454 2483 nunc
477 2453 571 2484 non
595 2446 695 2483 erat
718 2437 790 2483 his
813 2438 958 2484 locus.
1029 2436 1090 2485 Et
1115 2438 1602 2502 fortassecupressum

204 2502 311 2549 Scis
334 2503 554 2550 simulare
575 2520 584 2549 :
620 2503 733 2565 quid
758 2504 864 2563 hoc,
889 2504 927 2550 si
952 2503 1110 2550 fractis
1133 2514 1290 2555 enatat
1313 2521 1479 2567 exspes
1705 2506 1773 2555 20

200 2567 430 2628 Navibus,
456 2584 546 2615 aere
566 2570 674 2616 dato
694 2570 773 2631 qui
796 2570 1035 2632 pingitur?
1071 2571 1311 2634 Amphora
1336 2571 1478 2634 coepit

201 2632 418 2691 Institui3
456 2644 674 2682 currente
698 2636 799 2682 rota
823 2652 907 2682 cur
926 2651 1096 2682 urceus
1118 2636 1249 2684 exit'?

201 2699 418 2761 Denique
443 2700 517 2759 sit,
542 2701 665 2762 quod
685 2701 768 2759 vis,
793 2701 990 2763 simplex
1012 2700 1238 2748 duntaxat
1259 2710 1306 2749 et
1323 2717 1484 2748 unum.

267 2763 476 2811 Maxima
499 2783 605 2828 pars
628 2776 801 2826 vatum,
825 2776 971 2829 pater,
995 2776 1043 2813 et
1060 2766 1257 2828 juvenes
1279 2776 1409 2829 patre
1432 2767 1582 2831 digni,

200 2827 477 2892 Decipimur
501 2832 658 2892 specie
681 2833 825 2879 recti:
865 2832 1141 2898 brevisesse
1165 2832 1339 2892 labore,
1700 2834 1771 2884 26

199 2893 445 2944 Obscurus
468 2895 555 2942 fio:
593 2906 850 2945 sectantem
874 2899 994 2945 levia
1017 2895 1146 2944 nervi

198 2957 441 3008 Deficiunt
465 2961 725 3023 animique:
760 2964 995 3025 professus
1016 2963 1214 3026 grandia
1235 2972 1416 3026 turget:

200 3026 356 3089 Serpit
380 3027 509 3073 humi
532 3036 659 3073 tutus
682 3027 880 3076 nimium
905 3029 1186 3090 timidusque
1207 3030 1437 3091 procellae.

195 3091 300 3143 Qui
323 3093 499 3139 variare
522 3093 652 3154 cupit
674 3109 772 3152 rem
795 3094 1110 3155 prodigialiter
1130 3109 1292 3154 unam,

123 3192 125 3194 -
199 3156 490 3220 Delphinum
516 3158 642 3204 silvis
666 3159 891 3221 appingit,
916 3158 1135 3206 fluctibus
1159 3175 1336 3222 aprum.
1696 3160 1771 3209 30

199 3220 259 3269 In
282 3223 444 3270 vitium
469 3223 599 3271 ducit
622 3224 773 3287 culpae
797 3224 922 3286 fuga,
947 3225 986 3272 si
1009 3233 1137 3272 caret
1159 3235 1271 3272 arte.

905 3435 932 3445 f
