1936 3450
189 258 280 309 174
714 242 767 306 Q,
796 257 1038 299 HoizATn
1067 257 1289 306 FLAcct.

249 377 531 425 Manserunt
554 379 784 441 hodieque
808 379 1215 440 manentvestigia
1231 378 1366 426 turis.
1502 412 1505 417 Δ
1731 382 1825 431 160

250 445 394 491 Serus
418 446 545 491 enim
569 444 750 492 Graecis
774 446 977 503 admovit
1000 446 1219 493 acumina
1237 445 1443 506 chartis,
1432 461 1443 471 ·

247 509 324 569 Et,
349 521 452 572 post
478 512 661 558 Punica
682 504 803 558 bella
825 511 1023 572 quietus,
1048 527 1256 572 quaerere
1279 512 1434 573 coepit

245 550 379 626 Qiiid
407 578 665 639 Sophocles
688 587 736 624 et
754 577 960 652 Thespis
983 587 1030 623 et
1049 577 1304 642 AEschylus
1329 577 1442 624 utile
1466 577 1691 661 ferrentrfl

247 642 470 690 Tentavit
493 660 674 705 quoque
697 661 796 690 rem
821 644 860 690 si
883 641 1026 704 digne
1053 652 1230 689 vertere
1253 652 1438 706 posset;

247 709 309 756 Et
331 710 507 784 placuit
531 711 636 767 sibi,
659 710 826 757 natura
850 709 1063 756 sublimis
1086 719 1132 755 et
1157 724 1289 765 acer:
1522 736 1523 739 =
1727 711 1820 759 165

201 789 204 795 ·
245 774 373 821 Nam
398 777 540 837 spirat
562 777 792 837 tragicum
819 773 947 834 satis,
967 785 1013 822 et
1038 775 1234 822 feliciter
1254 775 1423 832 audet;

247 842 342 888 Sed
367 851 550 904 turpem
573 819 704 904 putat
728 839 896 888 inscite
919 842 1175 903 metuitque
1199 841 1402 887 lituram.
1450 853 1461 868 '²

313 907 548 967 Creditur,
574 925 634 954 ex
656 908 812 955 medio
834 908 944 970 quia
968 924 1042 960 res
1067 907 1275 966 arcessit,
1295 907 1469 963 habere
1512 914 1515 918 '

247 974 441 1020 Sudoris
461 975 724 1031 minimum,
750 975 831 1020 sed
857 974 998 1020 habet
1022 973 1268 1020 Gomoedia
1292 971 1423 1020 tanto
1482 993 1489 1004 .-

244 1040 356 1086 Plus
380 1041 552 1098 oneris,
578 1038 751 1101 quanto
778 1039 926 1086 veniae
950 1040 1119 1085 minus,
1191 1039 1370 1101 Aspice
1393 1039 1590 1102 Plautus
1722 1040 1819 1088 170

243 1106 358 1156 Quo
380 1117 518 1168 pacto
540 1117 694 1180 partes
718 1115 891 1153 tutetur
916 1105 1115 1152 amantis
1139 1106 1327 1170 ephebi,

243 1171 308 1218 Ut
329 1173 473 1233 patris
499 1173 680 1231 attenti,
704 1173 887 1219 lenonis
910 1182 962 1218 ut
986 1171 1225 1218 insidiosi:

242 1238 466 1287 Quantus
490 1239 547 1285 sit
570 1238 846 1285 Dossennus
869 1238 1129 1285 edacibus
1118 1254 1167 1283 in
1190 1237 1404 1299 parasitis
1422 1254 1436 1295 ;

241 1302 406 1354 Quam
432 1320 527 1351 non
553 1306 742 1351 astricto
764 1313 1004 1366 percurrat
1027 1304 1206 1366 pulpita
1229 1319 1382 1350 socco.

243 1371 396 1417 Gestit
419 1372 546 1417 enim
570 1387 816 1416 nummum
842 1371 889 1419 in
914 1371 1094 1417 loculos
1113 1369 1377 1429 demittere,
1401 1379 1506 1432 post
1528 1370 1620 1418 hoc
1655 1416 1658 1417 ⁷
1723 1371 1819 1418 175

245 1437 452 1484 Securus
476 1437 613 1484 cadat
637 1453 696 1482 an
722 1445 849 1489 recto
868 1446 958 1483 stet
982 1437 1139 1482 fabula
1160 1436 1267 1483 talo.

305 1503 467 1553 Quem
493 1503 598 1550 tulit
621 1504 680 1549 ad
699 1518 891 1550 scenam
914 1512 1105 1549 ventoso
1128 1502 1290 1548 Gloria
1311 1517 1471 1561 curru,

244 1551 498 1616 Exanimat
519 1569 675 1616 lentus
699 1578 947 1632 spectator,
972 1569 1163 1615 sedulus
1187 1567 1333 1614 inflat.

243 1635 325 1681 Sic
348 1635 466 1694 leve,
487 1637 555 1682 sic
578 1651 769 1698 parvum
794 1645 880 1694 est,
907 1635 1116 1681 animum
1140 1635 1264 1696 quod
1287 1633 1441 1680 laudis
1459 1644 1651 1684 avarum

245 1702 438 1748 Subruit
462 1718 517 1748 ac
541 1701 702 1748 reficit.
774 1702 942 1748 Valeat
965 1717 1038 1747 res
1062 1700 1261 1759 ludicra,
1286 1702 1325 1747 si
1348 1716 1455 1747 me
1723 1700 1818 1750 18⁰

242 1767 405 1814 Palma
428 1777 600 1830 negata
622 1783 852 1827 macrum,
875 1768 1047 1814 donata
1070 1767 1253 1813 reducit
1275 1766 1499 1829 opimum.

310 1832 446 1895 Saepe
472 1835 612 1880 etiam
639 1834 866 1880 audacem
893 1834 1021 1895 fugat
1046 1833 1152 1891 hoc,
1177 1842 1409 1894 terretque
1432 1835 1644 1895 poetamg
1724 1862 1731 1865 -

240 1899 388 1950 Quod
414 1916 610 1946 numero
633 1900 806 1962 plures,
829 1901 996 1947 virtute
1020 1908 1067 1946 et
1091 1900 1266 1946 honore
1291 1900 1512 1959 minoreS,

242 1965 430 2012 Indocti
455 1967 717 2027 stolidique,
738 1976 789 2014 et
813 1966 1084 2040 depugnare
1108 1965 1256 2027 parati
1580 1999 1586 2017 (

243 2032 294 2078 Si
320 2033 555 2078 discordet
578 2049 738 2094 eques,
763 2033 918 2078 media
943 2033 1061 2078 inter
1087 2031 1298 2078 carmina
1320 2039 1523 2093 poscunt
1688 2073 1694 2078 ,
1721 2030 1814 2079 185

243 2099 342 2144 Aut
366 2114 544 2157 ursum,
570 2108 650 2144 aut
673 2099 881 2160 pugiles:
918 2099 990 2144 bis
1016 2113 1123 2143 nam
1143 2097 1388 2159 plebecula
1410 2097 1599 2158 gaudet.

241 2162 421 2211 Verum
445 2138 589 2237 equiti
613 2180 794 2225 quoque
813 2164 910 2225 jam
935 2163 1149 2225 migravit
1173 2163 1231 2209 ab
1253 2179 1366 2209 aure
1390 2162 1616 2225 voluptas

241 2229 412 2276 Omnis
437 2231 494 2275 ad
520 2230 724 2276 incertos
746 2230 908 2276 oculos
931 2239 978 2276 et
1000 2229 1174 2290 gaudia
1195 2243 1329 2282 vana.

240 2295 458 2346 Quatuor
483 2306 562 2342 aut
585 2296 741 2358 plures
766 2296 912 2342 aulaea
934 2304 1209 2357 premuntur
1231 2294 1280 2342 in
1307 2295 1458 2353 horas,

240 2361 369 2407 Dum
393 2362 578 2423 fugiunt
601 2362 810 2423 equitum
834 2372 1000 2408 turmae
1019 2361 1321 2423 peditumque
1345 2370 1572 2418 catervae;
1719 2359 1814 2408 190

241 2427 357 2475 Mox
379 2428 576 2474 trahitur
600 2428 817 2474 manibus
842 2443 1004 2490 regum
1031 2427 1448 2485 fortuna¹retortis3

240 2493 423 2540 Esseda
447 2494 681 2553 festinant,
706 2494 896 2556 pilenta,
920 2493 1156 2556 petorrita,
1182 2503 1351 2550 naves;

240 2559 488 2620 Captivum
513 2570 719 2621 portatur
743 2561 876 2619 ebur,
899 2560 1082 2622 captiva
1106 2559 1376 2605 Corinthus.

242 2626 292 2671 Si
319 2626 435 2672 foret
459 2626 506 2671 in
532 2627 681 2684 terriS‚
707 2627 879 2673 rideret
901 2624 1219 2682 Democritus,
1245 2639 1327 2670 seu
1525 2676 1528 2677 ⁷

239 2690 487 2737 Diversum
513 2692 708 2738 confusa
731 2707 882 2754 genus
904 2691 1132 2754 panthera
1156 2690 1354 2748 camelo,
1717 2686 1811 2737 195

241 2756 349 2802 Sive
373 2757 562 2818 elephas
586 2757 719 2804 albus
741 2757 865 2819 vulgi
889 2765 1180 2804 converteret
1201 2771 1308 2802 ora:

242 2822 485 2883 Spectaret
509 2823 729 2884 populum
753 2823 876 2869 ludis
900 2820 1123 2869 attentius
1146 2821 1274 2882 ipsis,

239 2887 303 2934 Ut
326 2888 413 2934 sibi
437 2888 722 2949 praebentem
746 2889 890 2936 mimo
912 2887 1180 2951 spectacula
1200 2912 1202 2915 v
1234 2886 1350 2931 lura.

240 2954 502 3015 Scriptores
526 2963 680 2999 autem
705 2970 892 3000 narrare
916 2962 1099 3016 putaret
1122 2967 1199 2998 ase
1219 2952 1263 2998 lo

241 3018 480 3065 Fabellam
506 3019 673 3066 surdo:
710 3036 818 3065 nam
842 3035 945 3080 quae
969 3018 1241 3080 pervincere
1266 3032 1403 3064 voces
1709 3015 1809 3065 200

241 3082 473 3131 Evaluere
498 3099 662 3131 sonum
689 3085 896 3131 referunt
918 3099 1058 3145 quem
1082 3093 1239 3130 nostra
1262 3082 1482 3129 theatra?

242 3150 514 3212 Garganum
538 3149 719 3211 mugire
742 3160 877 3211 putes
900 3165 1083 3207 nemuS,
1108 3158 1188 3195 aut
1211 3164 1339 3195 mare
1364 3147 1610 3196 Tuscum:

242 3214 402 3263 Tanto
425 3231 534 3262 curn
558 3215 752 3278 strepitu
774 3214 872 3262 ludi
896 3223 1164 3278 spectantur
1187 3223 1235 3262 et
1253 3223 1375 3261 artes

1913 2981 1936 3067 §2³7⁵ss
1915 2935 1934 2975 ›='—?
1915 2894 1936 2929 (μ’,

1904 3255 1935 3450 &mc-'04²³
1904 3114 1936 3250 ξρεςᾶπ
1911 3070 1927 3109 τα.
