<?xml version="1.0" encoding="UTF-8"?>
<!DOCTYPE html PUBLIC "-//W3C//DTD XHTML 1.0 Transitional//EN"
    "http://www.w3.org/TR/xhtml1/DTD/xhtml1-transitional.dtd">
<html xmlns="http://www.w3.org/1999/xhtml" xml:lang="en" lang="en">
 <head>
  <title>
</title>
<meta http-equiv="Content-Type" content="text/html;charset=utf-8" />
  <meta name='ocr-system' content='tesseract 3.04.00' />
  <meta name='ocr-capabilities' content='ocr_page ocr_carea ocr_par ocr_line ocrx_word'/>
</head>
<body>
  <div class='ocr_page' id='page_1' title='image "./operaacceduntcla00horauoft_0080.png"; bbox 0 0 1976 3432; ppageno 0'>
   <div class='ocr_carea' id='block_1_1' title="bbox 200 201 274 270">
    <p class='ocr_par' dir='ltr' id='par_1_1' title="bbox 200 201 274 270">
     <span class='ocr_line' id='line_1_1' title="bbox 200 201 274 270; baseline 0.014 -17"><span class='ocrx_word' id='word_1_1' title='bbox 200 201 274 270; x_wconf 77' lang='lat'>⁷2.</span> 
     </span>
    </p>
   </div>
   <div class='ocr_carea' id='block_1_2' title="bbox 734 194 1290 249">
    <p class='ocr_par' dir='ltr' id='par_1_2' title="bbox 734 194 1290 249">
     <span class='ocr_line' id='line_1_2' title="bbox 734 194 1290 249; baseline -0.004 -8"><span class='ocrx_word' id='word_1_2' title='bbox 734 194 786 249; x_wconf 86' lang='lat' dir='ltr'>Q.</span> <span class='ocrx_word' id='word_1_3' title='bbox 817 194 1057 245; x_wconf 82' lang='lat' dir='ltr'>HORATH</span> <span class='ocrx_word' id='word_1_4' title='bbox 1085 197 1290 239; x_wconf 88' lang='lat' dir='ltr'><strong>FLACCI</strong></span> 
     </span>
    </p>
   </div>
   <div class='ocr_carea' id='block_1_3' title="bbox 464 311 1542 711">
    <p class='ocr_par' dir='ltr' id='par_1_3' title="bbox 464 311 1542 711">
     <span class='ocr_line' id='line_1_3' title="bbox 465 311 1382 382; baseline -0.002 -15"><span class='ocrx_word' id='word_1_5' title='bbox 465 311 735 367; x_wconf 82' lang='lat' dir='ltr'><strong>Immunem</strong></span> <span class='ocrx_word' id='word_1_6' title='bbox 758 319 957 367; x_wconf 87' lang='lat' dir='ltr'>meditor</span> <span class='ocrx_word' id='word_1_7' title='bbox 981 318 1163 382; x_wconf 85' lang='lat' dir='ltr'>tingere</span> <span class='ocrx_word' id='word_1_8' title='bbox 1185 317 1382 381; x_wconf 71' lang='lat' dir='ltr'>penulis,</span> 
     </span>
     <span class='ocr_line' id='line_1_4' title="bbox 727 385 1541 443; baseline -0.002 -11"><span class='ocrx_word' id='word_1_9' title='bbox 727 385 876 439; x_wconf 64' lang='lat' dir='ltr'>Plena</span> <span class='ocrx_word' id='word_1_10' title='bbox 900 386 1028 432; x_wconf 85' lang='lat' dir='ltr'>dives</span> <span class='ocrx_word' id='word_1_11' title='bbox 1047 396 1098 432; x_wconf 89' lang='lat' dir='ltr'>ut</span> <span class='ocrx_word' id='word_1_12' title='bbox 1121 385 1169 432; x_wconf 91' lang='lat' dir='ltr'>in</span> <span class='ocrx_word' id='word_1_13' title='bbox 1193 385 1348 443; x_wconf 84' lang='lat' dir='ltr'>domo.</span> <span class='ocrx_word' id='word_1_14' title='bbox 1539 435 1541 438; x_wconf 13' lang='grc' dir='ltr'><em>Α</em></span> 
     </span>
     <span class='ocr_line' id='line_1_5' title="bbox 466 448 1464 514; baseline -0.005 -14"><span class='ocrx_word' id='word_1_15' title='bbox 466 449 648 500; x_wconf 68' lang='lat' dir='ltr'>Verum</span> <span class='ocrx_word' id='word_1_16' title='bbox 676 467 800 514; x_wconf 91' lang='lat' dir='ltr'>pone</span> <span class='ocrx_word' id='word_1_17' title='bbox 823 467 994 510; x_wconf 84' lang='lat' dir='ltr'>moraS‚</span> <span class='ocrx_word' id='word_1_18' title='bbox 1017 460 1064 498; x_wconf 89' lang='lat' dir='ltr'>et</span> <span class='ocrx_word' id='word_1_19' title='bbox 1087 451 1295 509; x_wconf 85' lang='lat' dir='ltr'>studium</span> <span class='ocrx_word' id='word_1_20' title='bbox 1317 448 1464 507; x_wconf 80' lang='lat' dir='ltr'>luori;</span> 
     </span>
     <span class='ocr_line' id='line_1_6' title="bbox 464 515 1542 581; baseline -0.002 -17"><span class='ocrx_word' id='word_1_21' title='bbox 464 517 813 581; x_wconf 88' lang='lat' dir='ltr'>Nigrorumque</span> <span class='ocrx_word' id='word_1_22' title='bbox 838 534 1030 576; x_wconf 82' lang='lat' dir='ltr'>memor,</span> <span class='ocrx_word' id='word_1_23' title='bbox 1056 517 1167 563; x_wconf 87' lang='lat' dir='ltr'>dum</span> <span class='ocrx_word' id='word_1_24' title='bbox 1187 516 1315 575; x_wconf 81' lang='lat' dir='ltr'>licet,</span> <span class='ocrx_word' id='word_1_25' title='bbox 1340 515 1542 578; x_wconf 83' lang='lat' dir='ltr'>ignium,</span> 
     </span>
     <span class='ocr_line' id='line_1_7' title="bbox 464 582 1361 631; baseline -0.003 0"><span class='ocrx_word' id='word_1_26' title='bbox 464 582 618 631; x_wconf 81' lang='lat' dir='ltr'><strong>Misce</strong></span> <span class='ocrx_word' id='word_1_27' title='bbox 642 582 882 631; x_wconf 73' lang='lat' dir='ltr'>stultitiam</span> <span class='ocrx_word' id='word_1_28' title='bbox 908 583 1118 631; x_wconf 85' lang='lat' dir='ltr'>consiliis</span> <span class='ocrx_word' id='word_1_29' title='bbox 1143 583 1329 629; x_wconf 85' lang='lat' dir='ltr'>brevem</span> <span class='ocrx_word' id='word_1_30' title='bbox 1350 597 1361 628; x_wconf 89' lang='lat'><strong>:</strong></span> 
     </span>
     <span class='ocr_line' id='line_1_8' title="bbox 723 647 1422 711; baseline -0.001 -14"><span class='ocrx_word' id='word_1_31' title='bbox 723 649 878 702; x_wconf 81' lang='lat' dir='ltr'>Dulce</span> <span class='ocrx_word' id='word_1_32' title='bbox 901 659 972 696; x_wconf 86' lang='lat' dir='ltr'>est</span> <span class='ocrx_word' id='word_1_33' title='bbox 995 649 1206 711; x_wconf 84' lang='lat' dir='ltr'>desipere</span> <span class='ocrx_word' id='word_1_34' title='bbox 1228 648 1278 695; x_wconf 88' lang='lat' dir='ltr'>in</span> <span class='ocrx_word' id='word_1_35' title='bbox 1299 647 1422 696; x_wconf 76' lang='lat' dir='ltr'>loco.</span> 
     </span>
    </p>
   </div>
   <div class='ocr_carea' id='block_1_4' title="bbox 867 909 1168 974">
    <p class='ocr_par' dir='ltr' id='par_1_4' title="bbox 867 909 1168 974">
     <span class='ocr_line' id='line_1_9' title="bbox 867 909 1168 974; baseline 0 -16"><span class='ocrx_word' id='word_1_36' title='bbox 867 910 1017 974; x_wconf 16' lang='lat' dir='ltr'><strong>*ODE</strong></span> <span class='ocrx_word' id='word_1_37' title='bbox 1050 909 1168 958; x_wconf 79' lang='grc' dir='ltr'>ΧΠ.</span> 
     </span>
    </p>
   </div>
   <div class='ocr_carea' id='block_1_5' title="bbox 889 1025 1155 1057">
    <p class='ocr_par' dir='ltr' id='par_1_5' title="bbox 889 1025 1155 1057">
     <span class='ocr_line' id='line_1_10' title="bbox 889 1025 1155 1057; baseline 0 0"><span class='ocrx_word' id='word_1_38' title='bbox 889 1025 956 1057; x_wconf 85' lang='lat' dir='ltr'>AD</span> <span class='ocrx_word' id='word_1_39' title='bbox 978 1025 1155 1057; x_wconf 85' lang='lat' dir='ltr'>LYCEN.</span> 
     </span>
    </p>
   </div>
   <div class='ocr_carea' id='block_1_6' title="bbox 469 1097 1465 1884">
    <p class='ocr_par' dir='ltr' id='par_1_6' title="bbox 469 1097 1465 1884">
     <span class='ocr_line' id='line_1_11' title="bbox 470 1097 1342 1172; baseline -0.003 -12"><span class='ocrx_word' id='word_1_40' title='bbox 470 1097 754 1171; x_wconf 65' lang='lat' dir='ltr'>Aumvimu,</span> <span class='ocrx_word' id='word_1_41' title='bbox 778 1108 924 1172; x_wconf 80' lang='lat' dir='ltr'>Lyce,</span> <span class='ocrx_word' id='word_1_42' title='bbox 948 1108 997 1156; x_wconf 72' lang='lat' dir='ltr'>di</span> <span class='ocrx_word' id='word_1_43' title='bbox 1020 1125 1127 1155; x_wconf 80' lang='lat' dir='ltr'>mea</span> <span class='ocrx_word' id='word_1_44' title='bbox 1148 1117 1268 1170; x_wconf 82' lang='lat' dir='ltr'>vota,</span> <span class='ocrx_word' id='word_1_45' title='bbox 1292 1108 1342 1157; x_wconf 83' lang='lat' dir='ltr'>di</span> 
     </span>
     <span class='ocr_line' id='line_1_12' title="bbox 470 1175 1410 1238; baseline -0.003 -12"><span class='ocrx_word' id='word_1_46' title='bbox 470 1176 728 1237; x_wconf 67' lang='lat' dir='ltr'>Audivere,</span> <span class='ocrx_word' id='word_1_47' title='bbox 753 1176 908 1238; x_wconf 82' lang='lat' dir='ltr'>Lyce:</span> <span class='ocrx_word' id='word_1_48' title='bbox 942 1175 998 1222; x_wconf 91' lang='lat' dir='ltr'>fis</span> <span class='ocrx_word' id='word_1_49' title='bbox 1022 1191 1156 1234; x_wconf 82' lang='lat' dir='ltr'>anus,</span> <span class='ocrx_word' id='word_1_50' title='bbox 1180 1184 1228 1222; x_wconf 85' lang='lat' dir='ltr'>et</span> <span class='ocrx_word' id='word_1_51' title='bbox 1251 1185 1410 1223; x_wconf 88' lang='lat' dir='ltr'>tamen</span> 
     </span>
     <span class='ocr_line' id='line_1_13' title="bbox 729 1241 1233 1298; baseline -0.006 -7"><span class='ocrx_word' id='word_1_52' title='bbox 729 1243 816 1291; x_wconf 90' lang='lat' dir='ltr'>Vis</span> <span class='ocrx_word' id='word_1_53' title='bbox 841 1243 1042 1290; x_wconf 86' lang='lat' dir='ltr'>formosa</span> <span class='ocrx_word' id='word_1_54' title='bbox 1065 1241 1209 1288; x_wconf 90' lang='lat' dir='ltr'>videri</span> <span class='ocrx_word' id='word_1_55' title='bbox 1222 1257 1233 1298; x_wconf 92' lang='lat'>;</span> 
     </span>
     <span class='ocr_line' id='line_1_14' title="bbox 664 1307 1406 1371; baseline -0.001 -15"><span class='ocrx_word' id='word_1_56' title='bbox 664 1309 904 1370; x_wconf 90' lang='lat' dir='ltr'>Ludisque</span> <span class='ocrx_word' id='word_1_57' title='bbox 927 1317 975 1354; x_wconf 90' lang='lat' dir='ltr'>et</span> <span class='ocrx_word' id='word_1_58' title='bbox 999 1307 1118 1354; x_wconf 86' lang='lat' dir='ltr'>bibis</span> <span class='ocrx_word' id='word_1_59' title='bbox 1141 1307 1406 1371; x_wconf 76' lang='lat' dir='ltr'>impudens,</span> 
     </span>
     <span class='ocr_line' id='line_1_15' title="bbox 469 1373 1389 1439; baseline -0.003 -16"><span class='ocrx_word' id='word_1_60' title='bbox 469 1375 770 1439; x_wconf 78' lang='lat' dir='ltr'>Importunas</span> <span class='ocrx_word' id='word_1_61' title='bbox 794 1376 941 1422; x_wconf 87' lang='lat' dir='ltr'>Amor</span> <span class='ocrx_word' id='word_1_62' title='bbox 963 1373 1213 1420; x_wconf 82' lang='lat' dir='ltr'>transvolat</span> <span class='ocrx_word' id='word_1_63' title='bbox 1236 1374 1389 1421; x_wconf 81' lang='lat' dir='ltr'>aridas</span> 
     </span>
     <span class='ocr_line' id='line_1_16' title="bbox 470 1439 1353 1502; baseline -0.008 -10"><span class='ocrx_word' id='word_1_64' title='bbox 470 1442 710 1501; x_wconf 79' lang='lat' dir='ltr'>Quercus,</span> <span class='ocrx_word' id='word_1_65' title='bbox 734 1450 781 1488; x_wconf 89' lang='lat' dir='ltr'>et</span> <span class='ocrx_word' id='word_1_66' title='bbox 803 1440 975 1502; x_wconf 85' lang='lat' dir='ltr'>refugit</span> <span class='ocrx_word' id='word_1_67' title='bbox 995 1449 1058 1498; x_wconf 90' lang='lat' dir='ltr'>te,</span> <span class='ocrx_word' id='word_1_68' title='bbox 1082 1439 1190 1501; x_wconf 84' lang='lat' dir='ltr'>quia</span> <span class='ocrx_word' id='word_1_69' title='bbox 1212 1439 1353 1486; x_wconf 88' lang='lat' dir='ltr'>luridi</span> 
     </span>
     <span class='ocr_line' id='line_1_17' title="bbox 732 1506 1281 1568; baseline -0.007 -13"><span class='ocrx_word' id='word_1_70' title='bbox 732 1507 913 1554; x_wconf 88' lang='lat' dir='ltr'>Dentes</span> <span class='ocrx_word' id='word_1_71' title='bbox 936 1515 998 1565; x_wconf 87' lang='lat' dir='ltr'>te,</span> <span class='ocrx_word' id='word_1_72' title='bbox 1022 1506 1129 1567; x_wconf 87' lang='lat' dir='ltr'>quia</span> <span class='ocrx_word' id='word_1_73' title='bbox 1153 1521 1281 1568; x_wconf 84' lang='lat' dir='ltr'>rugae</span> 
     </span>
     <span class='ocr_line' id='line_1_18' title="bbox 668 1571 1331 1636; baseline -0.003 -16"><span class='ocrx_word' id='word_1_74' title='bbox 668 1573 902 1636; x_wconf 73' lang='lat' dir='ltr'>Tul-pant,</span> <span class='ocrx_word' id='word_1_75' title='bbox 927 1581 974 1619; x_wconf 91' lang='lat' dir='ltr'>et</span> <span class='ocrx_word' id='word_1_76' title='bbox 997 1571 1163 1634; x_wconf 78' lang='lat' dir='ltr'>capitis</span> <span class='ocrx_word' id='word_1_77' title='bbox 1186 1572 1331 1618; x_wconf 79' lang='lat' dir='ltr'>nives,</span> 
     </span>
     <span class='ocr_line' id='line_1_19' title="bbox 473 1637 1428 1700; baseline -0.004 -13"><span class='ocrx_word' id='word_1_78' title='bbox 473 1640 581 1687; x_wconf 83' lang='lat' dir='ltr'>Neo</span> <span class='ocrx_word' id='word_1_79' title='bbox 605 1639 717 1687; x_wconf 86' lang='lat' dir='ltr'>Coae</span> <span class='ocrx_word' id='word_1_80' title='bbox 741 1639 949 1687; x_wconf 85' lang='lat' dir='ltr'>referunt</span> <span class='ocrx_word' id='word_1_81' title='bbox 967 1637 1064 1700; x_wconf 85' lang='lat' dir='ltr'>jam</span> <span class='ocrx_word' id='word_1_82' title='bbox 1088 1637 1172 1699; x_wconf 82' lang='lat' dir='ltr'>tibi</span> <span class='ocrx_word' id='word_1_83' title='bbox 1194 1652 1428 1700; x_wconf 86' lang='lat' dir='ltr'>purpurae,</span> 
     </span>
     <span class='ocr_line' id='line_1_20' title="bbox 475 1701 1465 1768; baseline -0.005 -15"><span class='ocrx_word' id='word_1_84' title='bbox 475 1706 585 1753; x_wconf 84' lang='lat' dir='ltr'>Nec</span> <span class='ocrx_word' id='word_1_85' title='bbox 608 1706 721 1753; x_wconf 82' lang='lat' dir='ltr'>clari</span> <span class='ocrx_word' id='word_1_86' title='bbox 745 1706 939 1768; x_wconf 82' lang='lat' dir='ltr'>lapides,</span> <span class='ocrx_word' id='word_1_87' title='bbox 963 1713 1297 1765; x_wconf 53' lang='lat' dir='ltr'>temporaquae</span> <span class='ocrx_word' id='word_1_88' title='bbox 1320 1701 1465 1749; x_wconf 86' lang='lat' dir='ltr'>semel</span> 
     </span>
     <span class='ocr_line' id='line_1_21' title="bbox 734 1769 1240 1819; baseline -0.006 -1"><span class='ocrx_word' id='word_1_89' title='bbox 734 1771 875 1819; x_wconf 81' lang='lat' dir='ltr'>Notis</span> <span class='ocrx_word' id='word_1_90' title='bbox 898 1770 1088 1818; x_wconf 84' lang='lat' dir='ltr'>condita</span> <span class='ocrx_word' id='word_1_91' title='bbox 1111 1769 1240 1816; x_wconf 85' lang='lat' dir='ltr'>fastis</span> 
     </span>
     <span class='ocr_line' id='line_1_22' title="bbox 668 1835 1226 1884; baseline -0.005 0"><span class='ocrx_word' id='word_1_92' title='bbox 668 1837 867 1884; x_wconf 81' lang='lat' dir='ltr'>Inclusit</span> <span class='ocrx_word' id='word_1_93' title='bbox 891 1835 1090 1883; x_wconf 82' lang='lat' dir='ltr'>volueris</span> <span class='ocrx_word' id='word_1_94' title='bbox 1112 1835 1226 1882; x_wconf 88' lang='lat' dir='ltr'>dies.</span> 
     </span>
    </p>
   </div>
   <div class='ocr_carea' id='block_1_7' title="bbox 471 1897 1664 1966">
    <p class='ocr_par' dir='ltr' id='par_1_7' title="bbox 471 1897 1664 1966">
     <span class='ocr_line' id='line_1_23' title="bbox 471 1897 1664 1966; baseline -0.004 -13"><span class='ocrx_word' id='word_1_95' title='bbox 471 1902 588 1955; x_wconf 63' lang='lat' dir='ltr'>Qu&amp;</span> <span class='ocrx_word' id='word_1_96' title='bbox 613 1904 731 1966; x_wconf 84' lang='lat' dir='ltr'>fugit</span> <span class='ocrx_word' id='word_1_97' title='bbox 754 1903 950 1951; x_wconf 63' lang='lat' dir='ltr'>Venus?</span> <span class='ocrx_word' id='word_1_98' title='bbox 985 1901 1101 1948; x_wconf 87' lang='lat' dir='ltr'>heu!</span> <span class='ocrx_word' id='word_1_99' title='bbox 1126 1897 1276 1963; x_wconf 64' lang='lat' dir='ltr'>queve</span> <span class='ocrx_word' id='word_1_100' title='bbox 1301 1900 1427 1948; x_wconf 83' lang='lat' dir='ltr'>color</span> <span class='ocrx_word' id='word_1_101' title='bbox 1450 1899 1664 1949; x_wconf 64' lang='lat' dir='ltr'>decens?</span> 
     </span>
    </p>
   </div>
   <div class='ocr_carea' id='block_1_8' title="bbox 472 1966 1495 2692">
    <p class='ocr_par' dir='ltr' id='par_1_8' title="bbox 472 1966 1495 2692">
     <span class='ocr_line' id='line_1_24' title="bbox 472 1966 1433 2032; baseline -0.011 -10"><span class='ocrx_word' id='word_1_102' title='bbox 472 1968 588 2022; x_wconf 66' lang='lat' dir='ltr'>Qu&amp;</span> <span class='ocrx_word' id='word_1_103' title='bbox 613 1971 794 2018; x_wconf 64' lang='lat' dir='ltr'>motus?</span> <span class='ocrx_word' id='word_1_104' title='bbox 829 1969 939 2032; x_wconf 93' lang='lat' dir='ltr'>quid</span> <span class='ocrx_word' id='word_1_105' title='bbox 965 1968 1109 2014; x_wconf 81' lang='lat' dir='ltr'>habes</span> <span class='ocrx_word' id='word_1_106' title='bbox 1132 1966 1270 2026; x_wconf 86' lang='lat' dir='ltr'>illius,</span> <span class='ocrx_word' id='word_1_107' title='bbox 1295 1966 1433 2026; x_wconf 81' lang='lat' dir='ltr'>illius,</span> 
     </span>
     <span class='ocr_line' id='line_1_25' title="bbox 732 2033 1304 2097; baseline -0.005 -16"><span class='ocrx_word' id='word_1_108' title='bbox 732 2035 858 2087; x_wconf 63' lang='lat' dir='ltr'>Quae</span> <span class='ocrx_word' id='word_1_109' title='bbox 882 2033 1085 2097; x_wconf 82' lang='lat' dir='ltr'>spirabat</span> <span class='ocrx_word' id='word_1_110' title='bbox 1108 2046 1304 2091; x_wconf 84' lang='lat' dir='ltr'>amores,</span> 
     </span>
     <span class='ocr_line' id='line_1_26' title="bbox 668 2098 1316 2162; baseline -0.011 -11"><span class='ocrx_word' id='word_1_111' title='bbox 668 2101 794 2152; x_wconf 78' lang='lat' dir='ltr'>Quae</span> <span class='ocrx_word' id='word_1_112' title='bbox 820 2117 894 2148; x_wconf 89' lang='lat' dir='ltr'>me</span> <span class='ocrx_word' id='word_1_113' title='bbox 917 2107 1163 2162; x_wconf 84' lang='lat' dir='ltr'>surpuerat</span> <span class='ocrx_word' id='word_1_114' title='bbox 1185 2098 1316 2158; x_wconf 85' lang='lat' dir='ltr'>mihi,</span> 
     </span>
     <span class='ocr_line' id='line_1_27' title="bbox 474 2163 1495 2231; baseline -0.007 -15"><span class='ocrx_word' id='word_1_115' title='bbox 474 2167 610 2216; x_wconf 89' lang='lat' dir='ltr'>Felix</span> <span class='ocrx_word' id='word_1_116' title='bbox 630 2177 734 2231; x_wconf 89' lang='lat' dir='ltr'>post</span> <span class='ocrx_word' id='word_1_117' title='bbox 756 2168 1007 2229; x_wconf 80' lang='lat' dir='ltr'>Cynaram,</span> <span class='ocrx_word' id='word_1_118' title='bbox 1032 2175 1233 2226; x_wconf 83' lang='lat' dir='ltr'>notaque</span> <span class='ocrx_word' id='word_1_119' title='bbox 1256 2174 1303 2210; x_wconf 89' lang='lat' dir='ltr'>et</span> <span class='ocrx_word' id='word_1_120' title='bbox 1327 2163 1495 2211; x_wconf 81' lang='lat' dir='ltr'>artium</span> 
     </span>
     <span class='ocr_line' id='line_1_28' title="bbox 474 2230 1488 2292; baseline -0.007 -10"><span class='ocrx_word' id='word_1_121' title='bbox 474 2235 724 2282; x_wconf 85' lang='lat' dir='ltr'>Gratarum</span> <span class='ocrx_word' id='word_1_122' title='bbox 750 2234 925 2281; x_wconf 73' lang='lat' dir='ltr'>facies&#39;!</span> <span class='ocrx_word' id='word_1_123' title='bbox 983 2232 1078 2278; x_wconf 86' lang='lat' dir='ltr'>Sed</span> <span class='ocrx_word' id='word_1_124' title='bbox 1102 2230 1301 2292; x_wconf 84' lang='lat' dir='ltr'>Cynarae</span> <span class='ocrx_word' id='word_1_125' title='bbox 1326 2230 1488 2276; x_wconf 86' lang='lat' dir='ltr'>breves</span> 
     </span>
     <span class='ocr_line' id='line_1_29' title="bbox 735 2297 1288 2355; baseline -0.009 -8"><span class='ocrx_word' id='word_1_126' title='bbox 735 2300 903 2346; x_wconf 90' lang='lat' dir='ltr'>Annos</span> <span class='ocrx_word' id='word_1_127' title='bbox 927 2298 1020 2344; x_wconf 79' lang='lat' dir='ltr'>fata</span> <span class='ocrx_word' id='word_1_128' title='bbox 1043 2297 1288 2355; x_wconf 90' lang='lat' dir='ltr'>dederunt,</span> 
     </span>
     <span class='ocr_line' id='line_1_30' title="bbox 673 2363 1205 2425; baseline -0.009 -12"><span class='ocrx_word' id='word_1_129' title='bbox 673 2366 921 2413; x_wconf 82' lang='lat' dir='ltr'>Servatura</span> <span class='ocrx_word' id='word_1_130' title='bbox 944 2363 1024 2410; x_wconf 85' lang='lat' dir='ltr'>diu</span> <span class='ocrx_word' id='word_1_131' title='bbox 1047 2379 1205 2425; x_wconf 84' lang='lat' dir='ltr'>parem</span> 
     </span>
     <span class='ocr_line' id='line_1_31' title="bbox 477 2427 1403 2503; baseline -0.006 -23"><span class='ocrx_word' id='word_1_132' title='bbox 477 2431 694 2480; x_wconf 81' lang='lat' dir='ltr'>Cornicis</span> <span class='ocrx_word' id='word_1_133' title='bbox 719 2431 883 2479; x_wconf 83' lang='lat' dir='ltr'>vetulae</span> <span class='ocrx_word' id='word_1_134' title='bbox 907 2428 1192 2503; x_wconf 88' lang='lat' dir='ltr'>temporibus</span> <span class='ocrx_word' id='word_1_135' title='bbox 1214 2427 1402 2489; x_wconf 82' lang='lat' dir='ltr'>Lycen·</span> <span class='ocrx_word' id='word_1_136' title='bbox 1390 2464 1403 2486; x_wconf 89' lang='lat'><strong>,</strong></span> 
     </span>
     <span class='ocr_line' id='line_1_32' title="bbox 477 2494 1339 2565; baseline -0.005 -20"><span class='ocrx_word' id='word_1_137' title='bbox 477 2497 675 2546; x_wconf 90' lang='lat' dir='ltr'>Possent</span> <span class='ocrx_word' id='word_1_138' title='bbox 696 2507 748 2545; x_wconf 90' lang='lat' dir='ltr'>ut</span> <span class='ocrx_word' id='word_1_139' title='bbox 765 2498 983 2565; x_wconf 89' lang='lat' dir='ltr'>juvenes</span> <span class='ocrx_word' id='word_1_140' title='bbox 986 2496 1135 2542; x_wconf 88' lang='lat' dir='ltr'>visere</span> <span class='ocrx_word' id='word_1_141' title='bbox 1160 2494 1339 2554; x_wconf 87' lang='lat' dir='ltr'>fervidi,</span> 
     </span>
     <span class='ocr_line' id='line_1_33' title="bbox 737 2560 1268 2619; baseline -0.01 -9"><span class='ocrx_word' id='word_1_142' title='bbox 737 2562 888 2610; x_wconf 84' lang='lat' dir='ltr'>Multo</span> <span class='ocrx_word' id='word_1_143' title='bbox 911 2577 1005 2610; x_wconf 88' lang='lat' dir='ltr'>non</span> <span class='ocrx_word' id='word_1_144' title='bbox 1029 2561 1130 2607; x_wconf 90' lang='lat' dir='ltr'>sine</span> <span class='ocrx_word' id='word_1_145' title='bbox 1156 2560 1268 2619; x_wconf 90' lang='lat' dir='ltr'>risu,</span> 
     </span>
     <span class='ocr_line' id='line_1_34' title="bbox 672 2626 1383 2692; baseline -0.007 -16"><span class='ocrx_word' id='word_1_146' title='bbox 672 2628 950 2692; x_wconf 83' lang='lat' dir='ltr'>Dilapsam</span> <span class='ocrx_word' id='word_1_147' title='bbox 939 2644 988 2675; x_wconf 82' lang='lat' dir='ltr'>ln</span> <span class='ocrx_word' id='word_1_148' title='bbox 1012 2626 1195 2674; x_wconf 82' lang='lat' dir='ltr'>cineres</span> <span class='ocrx_word' id='word_1_149' title='bbox 1219 2626 1383 2673; x_wconf 78' lang='lat' dir='ltr'>facem</span> 
     </span>
    </p>
   </div>
   <div class='ocr_carea' id='block_1_9' title="bbox 879 2887 1186 2937">
    <p class='ocr_par' dir='ltr' id='par_1_9' title="bbox 879 2887 1186 2937">
     <span class='ocr_line' id='line_1_35' title="bbox 879 2887 1186 2937; baseline -0.007 0"><span class='ocrx_word' id='word_1_150' title='bbox 879 2890 1017 2937; x_wconf 91' lang='lat' dir='ltr'>ODE</span> <span class='ocrx_word' id='word_1_151' title='bbox 1041 2887 1186 2937; x_wconf 90' lang='lat' dir='ltr'><strong>XIII.</strong></span> 
     </span>
    </p>
   </div>
   <div class='ocr_carea' id='block_1_10' title="bbox 849 3001 1220 3036">
    <p class='ocr_par' dir='ltr' id='par_1_10' title="bbox 849 3001 1220 3036">
     <span class='ocr_line' id='line_1_36' title="bbox 849 3001 1220 3036; baseline -0.008 0"><span class='ocrx_word' id='word_1_152' title='bbox 849 3004 916 3036; x_wconf 77' lang='lat' dir='ltr'>AD</span> <span class='ocrx_word' id='word_1_153' title='bbox 939 3001 1220 3036; x_wconf 79' lang='lat' dir='ltr'>AUGUSTUM.</span> 
     </span>
    </p>
   </div>
   <div class='ocr_carea' id='block_1_11' title="bbox 479 3081 1459 3210">
    <p class='ocr_par' dir='ltr' id='par_1_11' title="bbox 479 3081 1459 3210">
     <span class='ocr_line' id='line_1_37' title="bbox 479 3081 1459 3147; baseline -0.008 -10"><span class='ocrx_word' id='word_1_154' title='bbox 479 3087 610 3139; x_wconf 77' lang='lat' dir='ltr'>QUAE</span> <span class='ocrx_word' id='word_1_155' title='bbox 634 3102 748 3134; x_wconf 81' lang='lat' dir='ltr'>cura</span> <span class='ocrx_word' id='word_1_156' title='bbox 770 3086 978 3146; x_wconf 74' lang='lat' dir='ltr'>Petrum,</span> <span class='ocrx_word' id='word_1_157' title='bbox 1002 3101 1160 3147; x_wconf 83' lang='lat' dir='ltr'>quaeve</span> <span class='ocrx_word' id='word_1_158' title='bbox 1182 3081 1459 3143; x_wconf 79' lang='lat' dir='ltr'>Quiritium,</span> 
     </span>
     <span class='ocr_line' id='line_1_38' title="bbox 481 3152 1328 3210; baseline -0.007 -8"><span class='ocrx_word' id='word_1_159' title='bbox 481 3153 641 3203; x_wconf 88' lang='lat' dir='ltr'>Plenis</span> <span class='ocrx_word' id='word_1_160' title='bbox 659 3153 889 3201; x_wconf 89' lang='lat' dir='ltr'>honorum</span> <span class='ocrx_word' id='word_1_161' title='bbox 914 3152 1186 3199; x_wconf 89' lang='lat' dir='ltr'>muneribus</span> <span class='ocrx_word' id='word_1_162' title='bbox 1208 3159 1328 3210; x_wconf 73' lang='lat' dir='ltr'>tuaS,</span> 
     </span>
    </p>
   </div>
   <div class='ocr_carea' id='block_1_12' title="bbox 1783 1703 1845 1751">
    <p class='ocr_par' dir='ltr' id='par_1_12' title="bbox 1783 1703 1845 1751">
     <span class='ocr_line' id='line_1_39' title="bbox 1783 1703 1845 1751; baseline 0 0"><span class='ocrx_word' id='word_1_163' title='bbox 1783 1703 1845 1751; x_wconf 88' lang='lat'>10</span> 
     </span>
    </p>
   </div>
   <div class='ocr_carea' id='block_1_13' title="bbox 1785 2031 1846 2080">
    <p class='ocr_par' dir='ltr' id='par_1_13' title="bbox 1785 2031 1846 2080">
     <span class='ocr_line' id='line_1_40' title="bbox 1785 2031 1846 2080; baseline 0.016 -1"><span class='ocrx_word' id='word_1_164' title='bbox 1785 2031 1846 2080; x_wconf 88' lang='grc'>15</span> 
     </span>
    </p>
   </div>
  </div>
 </body>
</html>
