1976 3432
685 225 1015 273 CARMINUM
1045 225 1153 265 LIB.
1182 225 1264 264 111.

480 349 581 397 Aut
603 347 774 395 crescit
797 345 1032 393 Albanis'
1020 361 1070 392 m
1093 343 1253 391 herbis

543 415 765 472 Victima,
789 411 1063 479 pontificum
1090 425 1279 456 secures

415 481 613 530 Cervice
636 480 799 542 tinget.
858 476 934 524 Te
959 474 1076 523 nihil
1100 476 1267 522 attinet

415 547 626 595 Tentare
650 545 816 592 multa
822 535 952 590 caede
977 542 1240 606 bidentium

481 613 656 660 Parvos
679 608 982 658 coronantem
1006 604 1189 654 marino

548 678 679 725 Rore
704 677 833 735 deOS,
854 674 1102 750 fragilique
1124 672 1288 735 myrto.

419 744 664 792 Immunis
675 759 802 803 aram
827 741 866 788 si
890 740 1043 804 tetigit
1066 755 1250 797 manus,

418 810 531 858 Non
555 807 826 872 sumptuosa
850 806 1062 853 blandior
1086 805 1256 864 hostia,

486 875 687 923 Mollivit
709 887 893 921 aversos
915 872 1120 931 Penates

551 941 696 988 Farre
718 940 796 1003 pio
813 949 860 986 et
883 937 1077 985 saliente
1101 935 1240 983 mica.

803 1200 942 1250 ODE
966 1198 1159 1247 XVIII.

717 1317 772 1349 IN
806 1316 1006 1348 DIVITES
1041 1313 1244 1346 AVAROS.

620 1400 859 1448 IN'rAc'ris
883 1398 1146 1462 opulentior

358 1468 619 1519 Thesauris
644 1467 855 1514 Arabum
878 1475 926 1512 et
949 1465 1103 1511 divitis
1127 1463 1296 1523 Indiae,

623 1531 880 1580 Caementis
903 1531 1014 1578 licet
1035 1545 1240 1593 occupes

358 1601 660 1665 Tyrrhenum
683 1614 824 1646 omne
847 1598 939 1644 tuis
962 1607 1009 1644 et
1032 1613 1159 1643 mare
1184 1593 1472 1658 Apulicum·
1460 1629 1473 1652 ,

622 1665 674 1712 Si
698 1665 761 1726 fig
764 1665 799 1711 it
823 1663 1148 1710 adamantinos

363 1733 570 1782 Summis
593 1731 844 1778 verticibus
868 1729 969 1775 dira
991 1727 1264 1775 Necessitas

624 1797 810 1855 Clavos,
834 1811 928 1842 non
954 1795 1162 1840 animum
1188 1799 1334 1852 metu,

361 1864 473 1913 Non
496 1863 659 1911 mortis
681 1862 858 1924 laqueis
881 1861 1101 1940 expedies
1126 1867 1279 1921 caput.

623 1928 922 1994 Campestres
946 1923 1114 1973 melius
1139 1926 1231 1987 Scy
1222 1925 1344 1982 thae,

357 1997 578 2048 Quorum
602 1995 806 2059 plaustra
829 2009 968 2055 vagas
992 1990 1079 2039 rite
1105 1992 1295 2039 trahunt
1317 1962 1497 2050 domos,

624 2061 818 2119 Vivunt,
842 2068 889 2106 et
885 2034 1049 2122 e’rigidi
1073 2058 1235 2115 Getae3

361 2128 610 2175 Immetata
632 2125 836 2189 quibus
819 2141 985 2188 jugera
1008 2125 1178 2172 liberas

623 2192 805 2304 Frugfres
828 2201 875 2238 et
898 2190 1119 2237 Cererem
1146 2190 1317 2249 ferunt,
1361 2207 1372 2210 ·

363 2259 470 2308 Nec
493 2259 676 2306 cultura
697 2275 727 2321 p
749 2267 852 2305 acet
873 2257 1054 2320 longior
1077 2271 1263 2313 annua;

626 2325 1008 2397 Defunctumque
1033 2323 1267 2369 laboribus

366 2390 554 2454 AEquali
578 2399 758 2438 recreat
781 2400 902 2436 sorte
926 2388 1138 2435 vicarius.

627 2455 733 2502 Illic
759 2464 903 2501 matre
928 2454 1197 2500 carentibus

365 2523 598 2586 Privignis
621 2521 788 2568 mulier
811 2529 1039 2582 temperat
1062 2519 1315 2594 innocens;

629 2586 677 2633 N
681 2603 737 2634 ec
761 2587 918 2633 dotata
942 2585 1062 2648 regit
1086 2585 1233 2631 virum

367 2654 569 2717 Conjux,
594 2669 684 2700 nec
708 2652 855 2699 nitido
879 2651 978 2699 fidit
1002 2650 1241 2698 adultero:

629 2719 728 2766 Dos
751 2726 822 2765 est
845 2733 1015 2779 magna
1038 2716 1300 2791 parentium

380 2785 559 2845 Virtu8‚
583 2794 629 2831 et
654 2794 866 2832 metuens
890 2783 1078 2830 alterius
1102 2782 1185 2829 viri

628 2850 771 2898 Certo
796 2849 968 2896 foedere
992 2847 1196 2908 castitas,

370 2916 433 2964 Et
453 2932 651 2982 peccare
677 2915 823 2973 nefas,
849 2924 928 2961 aut
952 2914 1150 2976 pretium
1174 2912 1334 2960 emori.

629 2982 675 3029 O
699 2980 906 3043 quisquis
929 2978 1084 3027 volet
1067 2979 1239 3054 impias

371 3047 556 3106 Caedes,
579 3056 627 3094 et
649 3048 826 3094 rabiem
850 3046 1010 3093 tollere
1034 3045 1250 3103 civicam,

634 3113 686 3159 Si
708 3120 883 3174 quaeret
904 3120 1033 3174 pater
1058 3110 1242 3157 urbium

374 3176 818 3288 snbsmigiesmffis'
843 3177 1115 3224 indomitam
1139 3175 1310 3222 audeat

1734 602 1795 650 15

1745 1987 1807 2036 10

1747 2318 1808 2366 15
