1936 3450
249 234 349 284 168
786 239 840 289 Q.
869 237 1111 282 HORATII
1139 238 1347 284 FLAcot

805 400 1141 476 EplsToLA
1170 426 1320 477 xlx.

847 544 914 576 AD
937 544 1280 576 MAECENATEM.

299 626 494 693 'Prusco
517 625 559 673 si
581 627 751 685 credis,
776 626 1018 676 Maecenas
1041 629 1194 688 docte,
1219 628 1429 686 Cratino,

308 690 455 739 Nulla
477 692 662 754 pla'cere
688 694 768 740 diu
792 710 882 741 nec
906 695 1060 741 vivere
1083 694 1293 741 carmina
1314 702 1528 757 possunt,-

307 756 434 807 (λη’-Β
458 759 725 806 scribuntur
749 776 879 821 aquae
901 760 1167 823 potoribus:
1202 770 1253 806 ut
1276 758 1398 807 male
1423 775 1566 808 sanos·

308 823 575 886 Adscripsit
599 824 741 872 Liber
766 826 944 888 Satyris
969 826 1238 887 Faunisque
1263 830 1441 888 poetas,

307 888 435 936 Vina
459 888 555 936 fere
581 892 744 938 dulces
766 892 984 938 oluerunt
1006 889 1146 938 mane
1173 892 1427 939 Camoenae.

305 953 549 1002 Laudibus
573 957 782 1019 arguitur
804 957 899 1004 vini
925 958 1111 1005 vinosus
1135 957 1400 1005 Homerus:

304 1018 490 1068 Ennius
514 1022 619 1084 ipse·
635 1032 765 1086 pater
788 1040 1047 1085 nunquam,
1071 1023 1160 1070 nisi
1183 1032 1336 1086 potus,
1361 1024 1418 1071 ad
1444 1040 1577 1072 arma

295 1085 526 1156 >Prosiluit
549 1089 764 1136 dicenda.
836 1094 865 1114 ‘⁴
883 1089 1056 1136 Forum
1079 1090 1327 1151 putealque
1351 1089 1576 1142 Libonis*>
1622 1109 1667 1140 ,ικ-

304 1150 545 1202 Mandabo
569 1155 724 1215 siccis,
750 1156 953 1203 adimam
978 1164 1168 1203 cantare
1192 1155 1409 1202 severiss’
1563 1150 1599 1172 ‘⁴'

370 1219 478 1267 Hoc
502 1222 639 1267 simul
664 1222 825 1281 edixit,
850 1238 945 1269 non
970 1219 1214 1268 cessavere
1238 1225 1390 1284 poetae

301 1283 550 1334 Nocturno
574 1297 753 1334 certare
777 1304 920 1347 mero,
945 1297 1108 1350 putere
1133 1287 1325 1333 diurno„

300 1351 452 1411 Quid,
477 1352 644 1415 siquis
666 1354 795 1400 vultu
819 1363 947 1401 torvo
972 1355 1099 1402 ferus
1121 1359 1168 1397 et
1190 1352 1309 1413 pede
1332 1351 1469 1398 nudo

301 1416 592 1481 Exiguaeque
605 1429 724 1483 togae
749 1420 937 1468 simulet
959 1427 1136 1465 textore
1162 1417 1418 1476 Catonem„

301 1482 600 1533 virtutemne
625 1494 925 1548 repraesentet
947 1499 1191 1545 moresque
1215 1483 1411 1530 Catonis
1427 1483 1454 1530 'f

299 1552 452 1615 Rupit
474 1551 697 1598 Iarbitam
722 1551 1001 1613 Timagenis
1027 1549 1195 1596 aemula
1217 1549 1400 1611 lingua,

300 1617 427 1665 Dum
451 1619 608 1665 studet
630 1618 853 1675 urbanuS,
876 1616 1124 1678 tenditque
1142 1615 1547 1664 disertushaberi.
1630 1626 1633 1630 ⁴

300 1685 491 1748 Decipit
514 1684 750 1747 exemplar
774 1684 896 1730 vitiis
920 1682 1146 1750 imitabile
1160 1698 1176 1728 :-
1207 1679 1331 1744 quod
1358 1681 1397 1728 si

300 1752 532 1798 Pallerem
558 1766 687 1810 casu,
712 1751 925 1797 biberent
947 1764 1184 1811 exsangue
1209 1748 1472 1794 cuminum.

300 1819 346 1865 Ο
370 1818 639 1876 imitatores,
660 1833 840 1864 servum
866 1831 1029 1878 pecus,
1052 1823 1103 1861 ut
1125 1814 1239 1860 mihi
1264 1811 1395 1876 saepe-

299 1885 467 1942 Bilem,
493 1881 616 1946 saepe
637 1883 812 1946 jocum,
838 1882 976 1928 vestri
1002 1879 1188 1928 movere
1211 1879 1465 1927 tumultus!

364 1951 535 1998 Libera
559 1966 640 2012 per
664 1965 861 1996 vacuum
887 1948 1023 2011 posui
1045 1947 1240 2009 vestigia
1261 1946 1509 2008 princeps;

298 2016 411 2066 Non
436 2017 589 2063 aliena
612 2031 724 2063 meo
739 2014 885 2078 pressi
911 2014 1044 2076 pede.
1112 2013 1213 2064 Qui
1237 2012 1325 2058 sibi
1350 2012 1465 2071 fidit,

298 2083 409 2131 Dux
431 2083 551 2145 regit
574 2098 785 2129 examen.
856 2081 1016 2127 Parios
1039 2095 1128 2142 ego
1149 2079 1325 2141 primus
1349 2077 1528 2124 iambos

298 2149 500 2197 Ostendi
525 2149 674 2206 Latio,
700 2162 920 2193 numeros
944 2146 1214 2206 animosque
1239 2153 1462 2205 sequutus

298 2214 592 2272 Archilochi,
617 2229 715 2260 non
738 2229 813 2259 res
840 2221 887 2259 et
910 2211 1097 2273 agentia
1120 2203 1570 2270 verbaLycamben.

298 2281 391 2340 Ac,
416 2297 476 2328 ne
500 2296 576 2326 me
601 2279 724 2326 foliis
748 2279 855 2325 ideo
879 2277 1166 2324 brevioribus
1188 2291 1331 2323 ornes—

298 2345 447 2398 Quod
471 2345 605 2392 timui
631 2354 811 2391 mutare
835 2344 999 2391 modos
1022 2352 1069 2390 et
1092 2342 1314 2388 carminis
1339 2349 1501 2400 artem,

298 2413 556 2476 Temperat
579 2410 852 2458 Archilochi
879 2409 1065 2456 Musam
1091 2409 1209 2471 pede
1233 2407 1440 2454 mascula
1465 2404 1677 2470 Sappho,

299 2478 558 2541 Temperat
581 2478 773 2524 Alcaeus
793 2493 802 2523 :
838 2476 921 2522 sed
944 2476 1084 2522 rebus
1107 2483 1154 2521 et
1175 2473 1340 2521 ordine
1364 2473 1547 2535 dispar;

298 2545 405 2592 Nec
429 2560 643 2592 socerum
666 2543 845 2605 quaerit,
870 2557 1007 2603 quem
1032 2540 1240 2587 versibus
1262 2539 1441 2586 oblinat
1464 2539 1575 2586 atris
1592 2555 1607 2596 ς

299 2611 406 2658 Nec
430 2627 610 2673 sponsae
634 2610 851 2670 laqueum
878 2608 1052 2654 famoso
1075 2605 1283 2652 carmine
1308 2604 1468 2652 nectit.

300 2676 448 2723 Hunc
470 2692 574 2738 ego,
599 2692 695 2722 non
720 2675 812 2721 alio
833 2674 1015 2720 'dictum
1040 2670 1168 2734 prius
1191 2687 1290 2729 ore,
1312 2670 1493 2717 Latinis

298 2741 501 2803 Vulgavi
526 2742 724 2788 fidicen:
756 2741 887 2802 juvat
910 2740 1230 2786 immemorata
1254 2737 1478 2787 ferentem

301 2805 529 2869 Ingenuis
551 2807 793 2868 oculisque
819 2804 1251 2868 legi,manibusque
1275 2802 1439 2848 teneri.

368 2873 500 2919 Scire
526 2873 638 2919 velis
662 2889 768 2919 mea
791 2888 874 2918 cur
898 2872 1106 2933 ingratus
1127 2868 1353 2930 opuscula
1376 2867 1522 2914 lector

301 2937 487 2986 Laudet
510 2947 723 2999 ametque
748 2937 890 2995 domi,
914 2944 1094 2998 premat
1115 2943 1246 2981 extra
1267 2933 1411 2980 limen
1436 2932 1653 2995 iniquusl

301 3002 415 3051 Non
438 3019 529 3066 ego
550 3013 752 3050 ventosae
775 3002 925 3065 plebis
948 3001 1167 3063 suffrag‘ka
1191 3015 1332 3046 venor

302 3069 536 3132 Impensis
558 3084 797 3115 coenarum
821 3077 868 3114 et
890 3067 1007 3114 tritae
1031 3078 1226 3112 munere
1250 3064 1409 3120 vestis;

303 3134 418 3183 Non
441 3151 544 3198 ego,
566 3135 794 3181 nobilium
819 3134 1094 3196 scriptorum
1118 3130 1300 3178 auditor
1323 3139 1368 3177 et
1393 3129 1531 3189 ultor,
1550 3161 1552 3167 x

303 3200 647 3250 Grammaticas
671 3198 847 3248 ambire
871 3199 1020 3246 tribus
1043 3206 1090 3245 et
1111 3197 1289 3263 pulpita
1310 3196 1501 3259 dignor:

1810 1217 1872 1266 10

1809 1552 1875 1600 15
