1936 3450
737 271 845 314 Ans
873 267 1127 334 ΡοΕποΑ.

182 393 402 457 Scriptor.
471 391 769 440 Honoratum
794 392 833 440 si
853 389 966 440 forte
990 390 1178 453 reponis
1193 390 1450 452 Achillem,

179 459 403 523 Impiger,
426 458 696 517 iracundus,
721 456 1030 516 inexorabiliS,
1056 472 1180 515 acer,

181 524 300 573 Jura
320 533 462 587 neget
484 524 572 570 sibi
595 533 721 583 nata,
746 524 862 571 nihil
882 537 977 569 non
1001 531 1184 584 arroget
1207 523 1374 570 armis:

181 584 255 639 Sit
278 590 451 637 Medea
474 590 603 637 ferox
626 562 902 662 invictaque,
927 587 1095 634 flebilis
1119 587 1223 647 Ino,

180 657 395 704 Perfidus
419 655 569 714 Ixion,
593 655 648 703 Io
671 672 804 718 vaga,
828 653 969 701 tristis
991 653 1198 700 Orestes.

247 723 300 770 Si
322 722 434 785 quid
458 722 753 784 inexpertum
773 735 925 768 scenae
932 717 1218 778 committiS,
1243 729 1291 766 et
1314 721 1460 767 audes

179 788 436 837 Personam
461 787 659 844 formare
684 802 866 845 novam,
892 794 1098 832 servetur
1122 786 1216 832 ad
1204 801 1352 832 lmum

178 854 352 905 Qualis
375 854 436 900 ab
458 853 647 916 incepto
668 852 960 931 processerit,
984 860 1032 898 et
1055 851 1142 897 sibi
1168 860 1364 899 constet.

181 920 386 970 Difficile
410 927 481 966 est
504 915 685 981 proprie
710 918 980 967 communia
1003 917 1185 963 dicere:
1210 927 1352 979 tuque

180 983 386 1033 Rectius
409 985 605 1032 Iliacum
629 999 819 1030 carmen
843 983 1073 1031 deducis
1062 999 1114 1031 in
1135 992 1284 1042 actus,

178 1051 345 1103 Quam
368 1051 407 1108 si
429 1051 656 1114 proferres
678 1050 838 1112 ignota
860 1050 1127 1111 indictaque
1150 1050 1339 1112 primus.

180 1118 376 1166 Publica
400 1115 615 1164 materies
636 1115 803 1178 privati
822 1115 940 1178 juris
962 1116 1066 1174 erit,
1092 1116 1130 1162 si

180 1182 438 1231 Neccirca
460 1182 594 1228 vilem
617 1182 918 1245 patulumque
944 1181 1198 1229 moraberis
1220 1181 1379 1228 orbem
1401 1198 1412 1239 ;

179 1249 288 1298 Nec
310 1249 499 1297 verbum
522 1247 662 1294 verbo
685 1248 872 1294 curabis
890 1248 1103 1305 reddere,
1129 1247 1249 1293 fidus

179 1315 440 1379 Interpres;
465 1329 556 1360 nec
579 1313 767 1360 desilies
791 1313 993 1362 imitator
1018 1314 1065 1359 in
1091 1323 1289 1372 arctum,

153 1406 156 1410 ⁴
178 1381 316 1430 Unde
338 1375 728 1444 pedem'proferre
751 1380 900 1442 pudor
923 1388 1062 1438 vetet,
1087 1388 1166 1426 aut
1190 1379 1342 1441 operis
1364 1379 1454 1429 lex.

245 1447 351 1494 Nec
371 1445 439 1492 sic
462 1445 676 1507 incipies,
701 1454 752 1491 ut
775 1445 970 1509 scriptor
994 1445 1203 1507 cyclicus
1221 1445 1362 1492 olim:

180 1517 212 1539 “
229 1513 482 1561 Fortunam
507 1511 681 1559 Priami
706 1512 906 1558 cantabo
929 1520 976 1558 et
1000 1511 1155 1558 nobile
1180 1511 1400 1558 belluml’

175 1577 309 1631 Quid
332 1577 528 1639 dignum
551 1586 680 1624 tanto
703 1577 818 1625 feret
841 1577 918 1625 hic
941 1577 1190 1639 promissor
1214 1577 1374 1626 hiatu
1358 1579 1377 1612 'P

179 1643 447 1692 Parturiunt
469 1651 667 1702 montes,
692 1652 910 1689 nascetur
934 1643 1160 1691 ridiculus
1183 1659 1300 1689 mus.

176 1706 373 1760 Quanto
397 1707 573 1755 rectius
598 1709 674 1755 hic
697 1709 776 1782 qui
800 1709 864 1755 nil
890 1708 1077 1757 molitur
1101 1706 1288 1770 inepte'

177 1780 206 1801 “
225 1774 317 1821 Dic
339 1774 471 1834 mihi,
498 1770 653 1833 Musa,
678 1775 844 1833 virum,
869 1784 1017 1836 captae
1040 1784 1146 1836 post
1168 1772 1377 1836 tempora
1400 1775 1575 1838 Trojae,

172 1841 276 1892 Qui
300 1855 453 1887 mores
477 1840 717 1888 hominum
742 1840 992 1887 multorum
1019 1840 1132 1890 vidit
1155 1849 1202 1887 et
1225 1841 1408 1887 urbesss'

175 1906 288 1954 Non
313 1906 491 1955 fumum
515 1921 574 1952 ex
597 1906 791 1968 fulgore,
816 1906 899 1952 sed
922 1921 982 1952 ex
1005 1905 1132 1952 fumo
1155 1907 1266 1952 dare
1290 1907 1446 1955 lucem

175 1973 380 2034 Cogitat,
406 1980 457 2018 ut
479 1972 689 2034 speciosa
713 1972 886 2018 dehinc
910 1972 1137 2019 miracula
1160 1982 1355 2036 promat,

174 2037 466 2100 Antiphaten
492 2037 787 2100 Scyllamque
811 2047 858 2084 et
881 2053 989 2086 cum
1014 2038 1222 2101 Cyclope
1243 2038 1516 2101 Charybdin
1530 2056 1541 2097 3

174 2103 282 2151 Nec
305 2104 504 2150 reditum
530 2103 773 2152 Diomedis
797 2104 856 2151 ab
879 2102 1068 2153 interitu
1094 2103 1341 2166 Meleagri,

174 2169 282 2217 Nec
305 2170 494 2232 gemino
518 2169 694 2216 bellum
719 2169 980 2232 Trojanum
1004 2170 1181 2219 orditur
1206 2171 1264 2217 ab
1286 2187 1387 2218 ovo.

177 2236 374 2299 Semper
400 2236 458 2282 ad
482 2245 701 2282 eventum
726 2236 939 2292 festinat3
976 2245 1023 2283 et
1046 2236 1094 2282 in
1119 2237 1298 2285 medias
1321 2253 1411 2295 res,

173 2300 285 2348 Non
310 2316 446 2348 secus
471 2317 526 2348 ac
549 2311 699 2360 notaS,
724 2302 984 2349 auditorem
1007 2302 1156 2364 rapit;
1193 2311 1255 2362 et,
1279 2319 1383 2365 quae

173 2365 403 2429 Desperat
426 2376 622 2414 tractata
644 2368 875 2414 nitescere
880 2383 1049 2441 posse,
1074 2342 1322 2430 relinquit,

174 2433 332 2494 Atque
356 2433 420 2478 ita
442 2434 681 2492 mentitur,
706 2433 773 2479 sic
798 2433 917 2479 veris
942 2433 1056 2482 falsa
1078 2435 1312 2492 remiscet,

174 2497 333 2545 Primo
355 2514 415 2545 ne
440 2498 664 2556 medium,
690 2498 844 2545 medio
868 2515 927 2545 ne
951 2499 1217 2560 discrepet'
1207 2515 1368 2546 imum.

239 2563 335 2622 Tu,
359 2563 470 2625 quid
493 2579 582 2625 ego
605 2575 652 2610 et
674 2564 872 2626 populus
896 2580 1082 2610 mecum
1107 2565 1355 2624 desideret,
1381 2566 1518 2612 audi:

174 2629 227 2676 Si
249 2629 474 2692 plausoris
496 2645 608 2691 eges
626 2630 774 2675 aulaea
796 2629 1044 2687 manentiS,
1068 2639 1115 2676 et
1138 2646 1283 2692 usque
1423 2643 1425 2645 ’

175 2694 375 2754 Sessuri,
400 2696 551 2741 donec
574 2705 752 2754 cantor,
778 2695 919 2743 “Vos
941 2695 1194 2757 plauditess'
1216 2696 1357 2755 dicat,

176 2759 348 2807 AEtatis
372 2761 596 2823 cujusque
621 2760 812 2807 notandi
838 2770 947 2807 sunt
970 2761 1053 2807 tibi
1079 2777 1248 2820 mores,

176 2822 519 2900 Mobilibusque
544 2826 685 2873 decor
709 2825 890 2873 naturis
912 2826 1097 2873 dandus
1120 2836 1167 2873 et
1190 2827 1338 2874 annis.

177 2887 400 2936 Reddere
422 2892 501 2952 qui
523 2907 662 2947 voces
682 2891 778 2966 jam
803 2892 891 2938 scit
912 2907 1044 2953 puer,
1068 2901 1114 2938 et
1136 2893 1254 2954 pede
1278 2902 1405 2941 certo

178 2954 346 3017 Signat
369 2955 577 3015 humum,
601 2957 740 3019 gestit
763 2957 952 3020 paribus
975 2957 1226 3017 colludere,
1250 2967 1298 3006 et
1320 2960 1435 3006 iram

178 3020 369 3082 Colligit
391 3035 447 3067 ac
452 3021 602 3096 'ponit
620 3021 815 3082 temere,
841 3032 889 3069 et
923 3031 1128 3072 mutatur
1154 3023 1202 3070 in
1228 3024 1376 3071 horas.

177 3083 460 3132 Imberbus
444 3086 645 3147 juvenis,
668 3089 859 3135 tandem
884 3089 1086 3137 custode
1100 3098 1295 3149 remoto,

177 3150 365 3197 Gaudet
386 3150 517 3212 equis
539 3152 827 3215 canibusque
850 3162 898 3200 et
921 3154 1065 3215 aprici
1089 3155 1299 3217 gramine
1324 3153 1517 3216 Campi,

179 3215 397 3263 Cereus
384 3231 433 3263 in
456 3214 784 3328 νίῐίιιῐιῐιθίεοιὶ,
808 3219 1114 3273 monitoribus
1138 3235 1287 3282 asper,

1655 274 1748 322 185

1655 392 1748 439 120

1651 720 1746 767 125

1652 1050 1746 1098 130

1651 1381 1744 1429 135

1650 1711 1742 1758 140

1648 2040 1741 2087 145
1795 2031 1803 2035 ’

1648 2371 1740 2417 150

1647 2699 1739 2746 155

1643 3024 1735 3071 160
