1976 3432
707 266 758 313 Q.
788 266 1032 314 HORATII
1059 266 1265 309 FLACCI

629 385 906 432 Refraenare
929 386 1187 447 licentiam,

366 450 536 498 Clarus
557 452 861 513 postgenitis:
897 461 1144 514 quatenus,
1169 454 1263 500 heu
1286 454 1443 502 nefas!

630 517 868 564 Virtutem
891 518 1177 565 incolumem
1200 520 1402 582 odimus,
1470 572 1471 577 ¹
1511 565 1527 581 'f

370 582 611 631 Sublatam
636 599 694 630 ex
717 583 868 630 oculis
891 584 1158 645 quaerimus,
1183 585 1342 633 invidi.
1388 631 1394 634 .

629 649 764 699 Quid
788 651 942 696 tristes
965 651 1286 712 querimoniae,

369 715 423 762 Si
444 712 540 763 non
564 715 793 778 supplicio
817 715 955 778 culpa
978 716 1236 763 reciditur?

628 781 764 831 Qu‘id
785 781 930 843 leges,
955 781 1057 828 sine
1080 782 1287 830 moribus

369 847 537 905 Vanae,
562 847 845 909 proficiunt?
881 847 919 893 si
944 863 1096 908 neque
1121 848 1309 896 fervidis

628 912 742 959 Pars
766 912 949 959 inclusa
971 913 1205 960 caloribus

367 977 556 1038 Mundi,
582 994 673 1024 nec
696 978 858 1026 Boreae
877 978 1126 1025 finitimum
1150 980 1288 1040 latus,

629 1044 914 1106 Durataeque
939 1045 1037 1091 solo
1060 1039 1207 1104 nives,

370 1108 683 1157 Mercatorem
708 1110 937 1172 abigunt?
973 1111 1159 1157 horrida
1183 1111 1342 1159 callidi

632 1176 846 1223 Vincunt
870 1192 1056 1237 aequora
1079 1178 1278 1225 navitae'!

369 1241 600 1305 Magnum
625 1242 872 1304 pauperies
894 1243 1191 1304 opprobrium
1211 1243 1347 1306 jubet

627 1308 834 1358 Quidvis
857 1317 904 1355 et
928 1308 1080 1355 facere
1104 1318 1151 1355 et
1173 1309 1286 1372 pati,

366 1374 658 1436 Virtutisque
683 1374 802 1420 viam
829 1374 1044 1421 deserere
1070 1375 1227 1421 arduae
1243 1377 1262 1422 ’ξ

630 1440 719 1487 Vel
744 1456 830 1487 nos
854 1440 902 1486 in
927 1440 1227 1502 Capitolium,

366 1504 483 1561 Quo
508 1506 683 1553 clamor
708 1514 841 1553 vocat
863 1514 910 1553 et
932 1507 1069 1553 turba
1093 1506 1363 1567 faventium,

420 1590 422 1592 ·
629 1571 718 1619 Vel
744 1588 832 1619 nos
857 1572 905 1618 in
930 1584 1058 1619 mare
1081 1573 1345 1636 proximum

366 1638 608 1697 Gemmas,
632 1646 679 1684 et
701 1638 895 1700 lapides,
921 1655 1085 1684 aurum
1109 1648 1156 1685 et
1180 1639 1362 1700 inutile,

632 1703 815 1750 Summi
838 1704 1081 1751 materiam
1105 1705 1234 1764 mali,

368 1769 630 1829 Mittamus,
656 1770 887 1816 scelerum
911 1771 949 1817 si
974 1771 1094 1817 bene
1118 1772 1326 1833 poenitet.

629 1835 882 1883 Eradenda
905 1836 1139 1898 cupidinis

367 1886 504 1950 Pravi
528 1911 637 1948 sunt
661 1902 920 1959 elementa3
956 1911 1002 1949 et
1026 1911 1200 1949 tenerae
1222 1903 1365 1950 nimis

629 1966 818 2014 Mentes
842 1968 1153 2030 asperioribus

366 2034 647 2082 Formandae
671 2034 850 2080 studiis.
909 2033 1077 2081 Nescit
1099 2050 1220 2096 equo
1243 2035 1373 2082 rudis

627 2099 824 2147 Haerere
848 2100 1082 2163 ingenuus
1104 2116 1236 2162 puer,

367 2166 635 2230 Venarique
660 2166 818 2224 timet3
854 2167 1017 2214 ludere
1040 2166 1235 2226 doctior,

630 2234 726 2280 Seu
749 2233 918 2280 Graeco
936 2232 1102 2295 jubeas
1126 2233 1305 2293 trocho,

369 2300 465 2347 Seu
489 2300 624 2346 malis
648 2299 789 2346 vetita
815 2299 998 2361 legibus
1022 2298 1151 2345 alefi:

626 2365 792 2415 Quum
816 2365 1000 2427 perjura
1022 2364 1166 2427 patris
1189 2363 1305 2411 fides

367 2431 644 2479 Consortem
670 2431 849 2478 socium
875 2430 1001 2477 fallat
1024 2439 1070 2477 et
1094 2430 1339 2492 hospitem,

630 2497 926 2559 Indignoque
949 2497 1202 2559 pecuniam

370 2563 560 2610 Haeredi
583 2572 810 2626 properet.
869 2563 1062 2610 Scilicet
1084 2562 1307 2624 improbae

628 2628 863 2676 Crescunt
886 2629 1086 2675 divitiae:
1121 2637 1280 2675 tamen

368 2694 526 2741 Curtae
550 2695 710 2742 nescio
732 2695 842 2757 quid
867 2710 1049 2757 semper
1073 2693 1205 2740 abest
1227 2692 1309 2740 rei.

837 2953 975 3002 ODE
1010 2911 1151 3001 XIX.

821 3068 888 3099 AD
912 3068 1163 3100 BAcchM.

628 3148 744 3203 Quo
769 3167 860 3210 me,
885 3151 1090 3210 Bacche,
1114 3150 1238 3213 rapis
1261 3149 1329 3198 tui

369 3218 601 3267 Plenum?
632 3217 758 3269 Quae
781 3232 989 3277 nemora,
1013 3229 1127 3278 quos
1151 3232 1262 3279 agor
1286 3216 1335 3263 in
1359 3231 1541 3280 specus,
