1936 3450
203 261 298 312 132
690 285 692 289 ·
745 263 797 310 Q.
824 263 1070 306 ΗΟΒΑΤΠ
1095 265 1321 322 FLACCL

264 381 367 428 Aut
390 381 618 443 apotheca
640 382 795 444 procis
810 382 997 438 ¹intacta
1018 393 1105 445 est,
1129 394 1211 432 aut
1228 401 1406 448 pecus:
1441 386 1596 451 atqui<-

263 445 327 495 Et
348 462 516 510 genuS,
540 455 588 494 et
610 447 770 509 virtus,
794 449 886 496 nisi
909 465 1020 501 cum
1042 467 1110 511 re,
1134 450 1264 499 vilior
1288 451 1395 515 alga
1412 462 1497 506 est.
1571 487 1574 491 ›

905 591 1123 623 TIREsrAs.
1666 616 1714 642 m,

260 654 473 714 Quando
494 656 782 718 pauperiem,
802 657 956 704 missis
974 658 1266 722 ambagibus,
1291 659 1468 720 horres,
1509 667 1514 676 “
1714 650 1738 687 s

260 721 444 783 Accipe
467 721 560 783 qua
583 722 762 771 ratione
784 738 929 785 queas
953 724 1196 773 ditescere.
1249 725 1461 787 ·Turdus
1718 739 1719 743 ’
1773 731 1837 788 10

261 786 373 833 Sive
397 787 526 834 aliud
549 788 732 849 privum
754 789 942 836 dabitur
964 790 1076 848 tibi;
1113 790 1296 838 devolet
1318 791 1431 839 illuc

260 851 364 900 Res
387 853 467 900 ubi
490 869 663 916 magna
686 854 820 915 nitet,
845 854 1038 903 domino
1060 872 1196 917 sene;
1233 857 1391 923 dulcia
1412 874 1568 920 poma,

259 917 323 966 Et
337 934 647 982 quoscunque
671 919 787 968 feret
809 921 964 968 cultus
987 922 1087 984 tibi,
1097 923 1271 970 fundus
1294 923 1511 985 honores,

258 983 389 1032 Ante
411 984 583 1032 Larem
607 994 763 1048 gustet
779 988 1095 1035 'venerabilior
1117 988 1239 1036 Lare
1261 989 1392 1036 dives
1411 1006 1422 1036 ε
1636 1044 1638 1049 Β

255 1049 359 1100 Qui
381 1051 592 1113 quamvis
613 1051 828 1115 perjurus
850 1054 954 1114 erit,
979 1054 1081 1101 sine
1104 1067 1262 1117 gente,
1286 1064 1512 1103 cruentus
1771 1060 1832 1107 15

259 1117 503 1179 Sanguine
527 1117 747 1178 fraterno,
773 1119 1025 1182 fugitivus;
1060 1136 1123 1167 ne
1147 1130 1306 1168 tamen
1330 1121 1397 1168 illi

257 1181 339 1229 Tu
362 1199 521 1230 comes
545 1184 765 1245 exterior,
789 1185 828 1231 si
851 1185 1068 1248 postulet,
1093 1187 1160 1234 ire
1183 1202 1386 1235 recusesa

912 1326 1107 1353 ULYSSES.
1158 1303 1166 1310 ·

255 1394 381 1442 Utne
404 1404 561 1458 tegam
584 1413 753 1460 spurco
775 1397 941 1446 Damae
964 1398 1118 1448 latus?
1153 1401 1279 1449 haud
1302 1402 1368 1449 ita
1390 1399 1550 1465 Trojae

255 1459 339 1509 Me
363 1463 505 1526 gessi,
529 1474 716 1539 certans
740 1480 922 1528 semper
944 1466 1228 1515 melioribus,

824 1603 828 1608 ι
903 1588 1122 1625 namus.

1249 1699 1251 1702 ,
1302 1636 1440 1731 Ergo-

251 1723 437 1789 Pauper
459 1726 564 1774 eris,

908 1852 1104 1881 ULYSSES.

644 1922 833 1972 Fortem
858 1925 948 1973 hoc
971 1927 1183 1974 animum
1206 1928 1404 1976 tolerare
1423 1929 1626 1992 jubebo:
1757 1931 1824 1980 20

251 1984 315 2033 Et
335 1987 571 2048 quondam
595 1989 772 2052 majora
792 1989 892 2038 tuli.
962 1991 1043 2039 Tu
1066 2002 1306 2056 protenus,
1331 1996 1459 2043 unde

251 2050 453 2100 Divitias
478 2054 674 2116 aerisque
698 2071 848 2117 ruam,
872 2058 967 2117 dic,
992 2074 1157 2122 augur,
1182 2076 1387 2109 acervos,

899 2181 1116 2209 TIRESIAS.

248 2247 361 2295 Dixi
384 2249 619 2311 equidem,
642 2259 691 2298 et
713 2251 833 2299 dico.
903 2252 1079 2316 Captes
1102 2263 1282 2302 astutus
1306 2255 1480 2318 ubique

248 2313 561 2363 Testamenta
583 2332 749 2364 senum
771 2334 780 2364 :
818 2334 928 2376 neu,
953 2319 992 2365 si
1016 2320 1141 2367 vafer
1159 2336 1284 2368 unus
1306 2330 1353 2368 et
1377 2323 1492 2370 alter

247 2379 577 2428 Insidiatorem
602 2399 803 2445 praeroso
826 2384 1009 2447 fugeret
1032 2387 1187 2444 hamo,
1751 2390 1817 2439 25

247 2447 347 2494 Aut
370 2463 500 2509 spem
524 2448 747 2511 deponas,
763 2458 852 2497 ‘aut
875 2460 1021 2498 artem
1044 2452 1208 2500 illusus
1229 2466 1429 2502 omittas.

247 2510 427 2575 Magna
449 2513 657 2561 minorve
677 2513 775 2563 foro
799 2515 838 2562 si
857 2532 931 2563 res
954 2518 1207 2566 certabitur
1229 2518 1358 2580 olim,

245 2577 387 2625 Vivet
409 2587 511 2626 uter
533 2578 740 2643 locuples
762 2582 864 2629 sine
886 2583 1056 2644 gnatis,
1080 2584 1317 2647 improbus
1340 2585 1463 2633 ultro

243 2643 346 2693 Qui
369 2644 611 2692 meliorem
635 2648 790 2694 audax
814 2656 948 2695 vocet
970 2648 1019 2695 in
1038 2650 1141 2712 jus3
1177 2650 1301 2697 illius
1324 2659 1426 2699 esto

245 2707 501 2757 Defensor:
538 2711 662 2758 fama
685 2713 834 2760 civem
866 2715 1102 2777 causaque
1124 2715 1326 2778 priorem
1743 2718 1815 2766 ⁴30
1893 2724 1911 2732 ”

245 2774 442 2836 Sperne,
463 2777 589 2823 domi
612 2778 650 2824 si
674 2787 843 2841 gnatus
866 2779 954 2826 erit
977 2781 1251 2828 soecundave
1275 2781 1459 2844 conjux.

245 2843 275 2864 “
291 2839 522 2899 Quinte,”
547 2852 674 2904 puta,
699 2854 780 2891 aut
803 2849 832 2869 “
850 2844 1034 2905 Publi,'’
1064 2845 1294 2908 (gaudent
1315 2847 1603 2908 praenomine
1626 2848 1788 2896 molles

243 2904 528 2971 Auriculae,)
555 2912 584 2932 “
610 2909 694 2956 tibi
718 2926 793 2956 me
817 2910 962 2958 virtus
984 2920 1066 2958 tua
1089 2912 1200 2959 fecit
1222 2912 1427 2959 amicum
1448 2929 1458 2960 :

243 2969 332 3017 Jus
355 2987 530 3034 anceps
553 2974 677 3032 novi,
701 2990 868 3022 causas
891 2976 1142 3024 defendere
1165 2993 1377 3039 possum:

243 3035 425 3099 Eripiet
446 3037 595 3099 quivis
616 3040 777 3086 oculos
799 3039 939 3088 citius
962 3042 1093 3101 mihi,
1117 3040 1259 3104 quarn
1282 3053 1328 3090 te
1743 3047 1808 3094 35
1883 3019 1936 3121 ἶέ

243 3101 576 3165 Contemptum
600 3105 734 3151 cassa
758 3121 881 3152 nuce
903 3117 1149 3168 pauperet:
1185 3107 1287 3155 haec
1310 3125 1416 3156 mea
1433 3125 1546 3156 cura
1567 3119 1654 3170 est,

242 3166 321 3214 Ne
343 3169 455 3230 quid
477 3177 529 3216 tu
545 3170 848 3232 perdas,·neu
871 3172 935 3218 sis
953 3172 1134 3234 jocus.'’
1204 3172 1280 3221 Ire
1304 3175 1494 3222 domurn
1518 3184 1654 3237 atque
1917 3217 1924 3231 ,,

242 3231 517 3282 Pelliculam
541 3250 707 3283 curare
725 3236 864 3295 jube:
901 3238 932 3284 fi
955 3239 1166 3300 cognitor
1190 3239 1302 3301 ipse.
1901 3241 1924 3296 ᾗ
