<?xml version="1.0" encoding="UTF-8"?>
<!DOCTYPE html PUBLIC "-//W3C//DTD XHTML 1.0 Transitional//EN"
    "http://www.w3.org/TR/xhtml1/DTD/xhtml1-transitional.dtd">
<html xmlns="http://www.w3.org/1999/xhtml" xml:lang="en" lang="en">
 <head>
  <title>
</title>
<meta http-equiv="Content-Type" content="text/html;charset=utf-8" />
  <meta name='ocr-system' content='tesseract 3.04.00' />
  <meta name='ocr-capabilities' content='ocr_page ocr_carea ocr_par ocr_line ocrx_word'/>
</head>
<body>
  <div class='ocr_page' id='page_1' title='image "./operaacceduntcla00horauoft_0093.png"; bbox 0 0 1924 3412; ppageno 0'>
   <div class='ocr_carea' id='block_1_1' title="bbox 715 266 1765 318">
    <p class='ocr_par' dir='ltr' id='par_1_1' title="bbox 715 266 1765 318">
     <span class='ocr_line' id='line_1_1' title="bbox 715 266 1765 318; baseline -0.005 -8"><span class='ocrx_word' id='word_1_1' title='bbox 715 267 948 310; x_wconf 83' lang='lat' dir='ltr'><strong>EPODON</strong></span> <span class='ocrx_word' id='word_1_2' title='bbox 977 266 1162 307; x_wconf 89' lang='lat' dir='ltr'><strong>LIBER.</strong></span> <span class='ocrx_word' id='word_1_3' title='bbox 1696 266 1765 318; x_wconf 54' lang='grc' dir='ltr'><strong>Β</strong></span> 
     </span>
    </p>
   </div>
   <div class='ocr_carea' id='block_1_2' title="bbox 814 452 1068 501">
    <p class='ocr_par' dir='ltr' id='par_1_2' title="bbox 814 452 1068 501">
     <span class='ocr_line' id='line_1_2' title="bbox 814 452 1068 501; baseline 0.004 -1"><span class='ocrx_word' id='word_1_4' title='bbox 814 452 954 500; x_wconf 87' lang='lat' dir='ltr'>ODE</span> <span class='ocrx_word' id='word_1_5' title='bbox 976 453 1068 501; x_wconf 89' lang='lat' dir='ltr'>XI.</span> 
     </span>
    </p>
   </div>
   <div class='ocr_carea' id='block_1_3' title="bbox 626 569 1259 609">
    <p class='ocr_par' dir='ltr' id='par_1_3' title="bbox 626 569 1259 609">
     <span class='ocr_line' id='line_1_3' title="bbox 626 569 1259 609; baseline 0.003 -9"><span class='ocrx_word' id='word_1_6' title='bbox 626 569 692 600; x_wconf 79' lang='lat' dir='ltr'>AD</span> <span class='ocrx_word' id='word_1_7' title='bbox 727 569 957 602; x_wconf 82' lang='lat' dir='ltr'><strong>POPULUM</strong></span> <span class='ocrx_word' id='word_1_8' title='bbox 992 569 1259 609; x_wconf 83' lang='lat' dir='ltr'>ROMANUM.</span> 
     </span>
    </p>
   </div>
   <div class='ocr_carea' id='block_1_4' title="bbox 207 651 1762 3217">
    <p class='ocr_par' dir='ltr' id='par_1_4' title="bbox 207 651 1762 3217">
     <span class='ocr_line' id='line_1_4' title="bbox 258 651 1321 716; baseline -0.003 -14"><span class='ocrx_word' id='word_1_9' title='bbox 258 654 469 702; x_wconf 68' lang='lat' dir='ltr'>Amr-:BA</span> <span class='ocrx_word' id='word_1_10' title='bbox 488 651 585 716; x_wconf 85' lang='lat' dir='ltr'>jam</span> <span class='ocrx_word' id='word_1_11' title='bbox 609 652 772 700; x_wconf 87' lang='lat' dir='ltr'>teritur</span> <span class='ocrx_word' id='word_1_12' title='bbox 797 652 929 700; x_wconf 86' lang='lat' dir='ltr'>bellis</span> <span class='ocrx_word' id='word_1_13' title='bbox 952 652 1168 700; x_wconf 90' lang='lat' dir='ltr'>civilibus</span> <span class='ocrx_word' id='word_1_14' title='bbox 1194 661 1321 712; x_wconf 83' lang='lat' dir='ltr'>aetas,</span> 
     </span>
     <span class='ocr_line' id='line_1_5' title="bbox 323 719 1149 781; baseline -0.002 -14"><span class='ocrx_word' id='word_1_15' title='bbox 323 719 432 767; x_wconf 88' lang='lat' dir='ltr'>Suis</span> <span class='ocrx_word' id='word_1_16' title='bbox 454 728 502 767; x_wconf 89' lang='lat' dir='ltr'>et</span> <span class='ocrx_word' id='word_1_17' title='bbox 525 719 626 781; x_wconf 91' lang='lat' dir='ltr'>ipsa</span> <span class='ocrx_word' id='word_1_18' title='bbox 649 719 808 766; x_wconf 86' lang='lat' dir='ltr'>Roma</span> <span class='ocrx_word' id='word_1_19' title='bbox 831 719 1006 775; x_wconf 77' lang='lat' dir='ltr'>viribus</span> <span class='ocrx_word' id='word_1_20' title='bbox 1029 719 1123 766; x_wconf 88' lang='lat' dir='ltr'>ruit</span> <span class='ocrx_word' id='word_1_21' title='bbox 1134 735 1149 771; x_wconf 10' lang='lat' dir='ltr'>Z:</span> 
     </span>
     <span class='ocr_line' id='line_1_6' title="bbox 253 782 1482 847; baseline 0 -15"><span class='ocrx_word' id='word_1_22' title='bbox 253 785 415 837; x_wconf 86' lang='lat' dir='ltr'>Quam</span> <span class='ocrx_word' id='word_1_23' title='bbox 440 801 592 846; x_wconf 90' lang='lat' dir='ltr'>neque</span> <span class='ocrx_word' id='word_1_24' title='bbox 617 784 802 835; x_wconf 86' lang='lat' dir='ltr'>finitimi</span> <span class='ocrx_word' id='word_1_25' title='bbox 827 785 1073 831; x_wconf 88' lang='lat' dir='ltr'>valuerunt</span> <span class='ocrx_word' id='word_1_26' title='bbox 1094 785 1292 847; x_wconf 83' lang='lat' dir='ltr'>perdere</span> <span class='ocrx_word' id='word_1_27' title='bbox 1317 782 1482 846; x_wconf 86' lang='lat' dir='ltr'>Marsi,</span> 
     </span>
     <span class='ocr_line' id='line_1_7' title="bbox 322 850 1498 909; baseline -0.003 -10"><span class='ocrx_word' id='word_1_28' title='bbox 322 851 527 899; x_wconf 89' lang='lat' dir='ltr'>Minacis</span> <span class='ocrx_word' id='word_1_29' title='bbox 550 859 630 898; x_wconf 89' lang='lat' dir='ltr'>aut</span> <span class='ocrx_word' id='word_1_30' title='bbox 652 850 855 898; x_wconf 87' lang='lat' dir='ltr'>Etrusca</span> <span class='ocrx_word' id='word_1_31' title='bbox 877 851 1094 899; x_wconf 84' lang='lat' dir='ltr'>Porsenae</span> <span class='ocrx_word' id='word_1_32' title='bbox 1118 866 1302 909; x_wconf 82' lang='lat' dir='ltr'>manuS,</span> <span class='ocrx_word' id='word_1_33' title='bbox 1493 890 1498 896; x_wconf 84' lang='lat'><em>.</em></span> 
     </span>
     <span class='ocr_line' id='line_1_8' title="bbox 259 917 1762 979; baseline 0 -13"><span class='ocrx_word' id='word_1_34' title='bbox 259 918 451 966; x_wconf 86' lang='lat' dir='ltr'>AEmula</span> <span class='ocrx_word' id='word_1_35' title='bbox 474 934 564 964; x_wconf 91' lang='lat' dir='ltr'>nec</span> <span class='ocrx_word' id='word_1_36' title='bbox 587 917 731 964; x_wconf 89' lang='lat' dir='ltr'>virtus</span> <span class='ocrx_word' id='word_1_37' title='bbox 755 917 958 979; x_wconf 61' lang='lat' dir='ltr'>Capuae,&gt;</span> <span class='ocrx_word' id='word_1_38' title='bbox 973 933 1063 964; x_wconf 89' lang='lat' dir='ltr'>nec</span> <span class='ocrx_word' id='word_1_39' title='bbox 1095 918 1348 979; x_wconf 83' lang='lat' dir='ltr'><strong>Spartacus</strong></span> <span class='ocrx_word' id='word_1_40' title='bbox 1372 931 1497 977; x_wconf 87' lang='lat' dir='ltr'>acer,</span> <span class='ocrx_word' id='word_1_41' title='bbox 1723 917 1762 966; x_wconf 73' lang='grc'><strong><em>6</em></strong></span> 
     </span>
     <span class='ocr_line' id='line_1_9' title="bbox 322 982 1218 1046; baseline -0.002 -14"><span class='ocrx_word' id='word_1_42' title='bbox 322 983 560 1046; x_wconf 86' lang='lat' dir='ltr'>Novisque</span> <span class='ocrx_word' id='word_1_43' title='bbox 585 983 726 1030; x_wconf 87' lang='lat' dir='ltr'>rebus</span> <span class='ocrx_word' id='word_1_44' title='bbox 751 982 954 1030; x_wconf 87' lang='lat' dir='ltr'>infidelis</span> <span class='ocrx_word' id='word_1_45' title='bbox 977 983 1218 1042; x_wconf 82' lang='lat' dir='ltr'><strong>Allobrox,</strong></span> 
     </span>
     <span class='ocr_line' id='line_1_10' title="bbox 255 1048 1359 1111; baseline -0.003 -13"><span class='ocrx_word' id='word_1_46' title='bbox 255 1050 362 1098; x_wconf 89' lang='lat' dir='ltr'>Nec</span> <span class='ocrx_word' id='word_1_47' title='bbox 387 1050 484 1097; x_wconf 86' lang='lat' dir='ltr'>fera</span> <span class='ocrx_word' id='word_1_48' title='bbox 506 1049 712 1096; x_wconf 67' lang='lat' dir='ltr'>coerulea</span> <span class='ocrx_word' id='word_1_49' title='bbox 735 1048 916 1096; x_wconf 78' lang='lat' dir='ltr'>domuit</span> <span class='ocrx_word' id='word_1_50' title='bbox 937 1048 1194 1096; x_wconf 82' lang='lat' dir='ltr'>Germania</span> <span class='ocrx_word' id='word_1_51' title='bbox 1218 1049 1359 1111; x_wconf 89' lang='lat' dir='ltr'>pube,</span> 
     </span>
     <span class='ocr_line' id='line_1_11' title="bbox 320 1115 1306 1177; baseline 0.001 -14"><span class='ocrx_word' id='word_1_52' title='bbox 320 1116 692 1177; x_wconf 87' lang='lat' dir='ltr'>Parentibusque</span> <span class='ocrx_word' id='word_1_53' title='bbox 716 1115 1012 1162; x_wconf 88' lang='lat' dir='ltr'>abominatus</span> <span class='ocrx_word' id='word_1_54' title='bbox 1037 1115 1306 1164; x_wconf 83' lang='lat' dir='ltr'>Hannibal:</span> 
     </span>
     <span class='ocr_line' id='line_1_12' title="bbox 207 1181 1280 1245; baseline -0.002 -15"><span class='ocrx_word' id='word_1_55' title='bbox 207 1198 210 1203; x_wconf 91' lang='grc'><em>·</em></span> <span class='ocrx_word' id='word_1_56' title='bbox 255 1181 408 1245; x_wconf 85' lang='lat' dir='ltr'>Impia</span> <span class='ocrx_word' id='word_1_57' title='bbox 430 1181 620 1244; x_wconf 64' lang='lat' dir='ltr'>perdem</span> <span class='ocrx_word' id='word_1_58' title='bbox 630 1197 683 1227; x_wconf 91' lang='lat' dir='ltr'>us</span> <span class='ocrx_word' id='word_1_59' title='bbox 705 1182 860 1228; x_wconf 88' lang='lat' dir='ltr'>devoti</span> <span class='ocrx_word' id='word_1_60' title='bbox 883 1181 1127 1244; x_wconf 85' lang='lat' dir='ltr'>sanguinis</span> <span class='ocrx_word' id='word_1_61' title='bbox 1152 1190 1280 1242; x_wconf 81' lang='lat' dir='ltr'>aetaS,</span> 
     </span>
     <span class='ocr_line' id='line_1_13' title="bbox 322 1247 1757 1310; baseline 0 -15"><span class='ocrx_word' id='word_1_62' title='bbox 322 1248 546 1310; x_wconf 86' lang='lat' dir='ltr'>Ferisque</span> <span class='ocrx_word' id='word_1_63' title='bbox 570 1263 728 1294; x_wconf 88' lang='lat' dir='ltr'>rursus</span> <span class='ocrx_word' id='word_1_64' title='bbox 751 1247 1057 1310; x_wconf 75' lang='lat' dir='ltr'>occupabitur</span> <span class='ocrx_word' id='word_1_65' title='bbox 1082 1247 1247 1294; x_wconf 87' lang='lat' dir='ltr'>solum.</span> <span class='ocrx_word' id='word_1_66' title='bbox 1695 1247 1757 1295; x_wconf 72' lang='lat' dir='ltr'>lo</span> 
     </span>
     <span class='ocr_line' id='line_1_14' title="bbox 255 1312 1540 1374; baseline -0.001 -13"><span class='ocrx_word' id='word_1_67' title='bbox 255 1315 506 1374; x_wconf 86' lang='lat' dir='ltr'>Barbarus,</span> <span class='ocrx_word' id='word_1_68' title='bbox 532 1314 650 1360; x_wconf 90' lang='lat' dir='ltr'>heu!</span> <span class='ocrx_word' id='word_1_69' title='bbox 688 1314 873 1360; x_wconf 88' lang='lat' dir='ltr'>cineres</span> <span class='ocrx_word' id='word_1_70' title='bbox 897 1314 1081 1361; x_wconf 80' lang='lat' dir='ltr'>insistet</span> <span class='ocrx_word' id='word_1_71' title='bbox 1103 1314 1266 1373; x_wconf 88' lang='lat' dir='ltr'>victor,</span> <span class='ocrx_word' id='word_1_72' title='bbox 1291 1321 1338 1360; x_wconf 90' lang='lat' dir='ltr'>et</span> <span class='ocrx_word' id='word_1_73' title='bbox 1363 1312 1540 1360; x_wconf 85' lang='lat' dir='ltr'><strong>Urbem</strong></span> 
     </span>
     <span class='ocr_line' id='line_1_15' title="bbox 319 1380 1208 1443; baseline -0.001 -16"><span class='ocrx_word' id='word_1_74' title='bbox 319 1380 475 1443; x_wconf 82' lang='lat' dir='ltr'><strong>Eques</strong></span> <span class='ocrx_word' id='word_1_75' title='bbox 499 1388 695 1427; x_wconf 88' lang='lat' dir='ltr'>sonante</span> <span class='ocrx_word' id='word_1_76' title='bbox 718 1380 980 1427; x_wconf 80' lang='lat' dir='ltr'>verberabit</span> <span class='ocrx_word' id='word_1_77' title='bbox 1003 1380 1208 1442; x_wconf 67' lang='lat' dir='ltr'>ungula:</span> 
     </span>
     <span class='ocr_line' id='line_1_16' title="bbox 252 1443 1479 1510; baseline -0.001 -17"><span class='ocrx_word' id='word_1_78' title='bbox 252 1446 470 1510; x_wconf 69' lang='lat' dir='ltr'>Quaeque</span> <span class='ocrx_word' id='word_1_79' title='bbox 494 1454 657 1493; x_wconf 81' lang='lat' dir='ltr'>carent</span> <span class='ocrx_word' id='word_1_80' title='bbox 680 1446 830 1492; x_wconf 88' lang='lat' dir='ltr'>ventis</span> <span class='ocrx_word' id='word_1_81' title='bbox 853 1455 901 1493; x_wconf 91' lang='lat' dir='ltr'>et</span> <span class='ocrx_word' id='word_1_82' title='bbox 924 1446 1116 1505; x_wconf 88' lang='lat' dir='ltr'>solibus,</span> <span class='ocrx_word' id='word_1_83' title='bbox 1139 1460 1247 1492; x_wconf 88' lang='lat' dir='ltr'>ossa</span> <span class='ocrx_word' id='word_1_84' title='bbox 1266 1443 1479 1504; x_wconf 80' lang='lat' dir='ltr'>Quirini,</span> 
     </span>
     <span class='ocr_line' id='line_1_17' title="bbox 320 1510 1201 1574; baseline -0.001 -15"><span class='ocrx_word' id='word_1_85' title='bbox 320 1510 470 1559; x_wconf 83' lang='lat' dir='ltr'>Nefas</span> <span class='ocrx_word' id='word_1_86' title='bbox 494 1512 676 1559; x_wconf 85' lang='lat' dir='ltr'>videre!</span> <span class='ocrx_word' id='word_1_87' title='bbox 716 1511 958 1574; x_wconf 82' lang='lat' dir='ltr'>dissipabit</span> <span class='ocrx_word' id='word_1_88' title='bbox 982 1511 1201 1561; x_wconf 88' lang='lat' dir='ltr'>insolens.</span> 
     </span>
     <span class='ocr_line' id='line_1_18' title="bbox 254 1575 1754 1640; baseline 0 -15"><span class='ocrx_word' id='word_1_89' title='bbox 254 1575 414 1637; x_wconf 73' lang='lat' dir='ltr'>Forte,</span> <span class='ocrx_word' id='word_1_90' title='bbox 437 1578 549 1640; x_wconf 90' lang='lat' dir='ltr'>quid</span> <span class='ocrx_word' id='word_1_91' title='bbox 573 1578 805 1640; x_wconf 86' lang='lat' dir='ltr'>expediat,</span> <span class='ocrx_word' id='word_1_92' title='bbox 831 1579 1159 1638; x_wconf 73' lang='lat' dir='ltr'>communiter,</span> <span class='ocrx_word' id='word_1_93' title='bbox 1185 1585 1266 1625; x_wconf 90' lang='lat' dir='ltr'>aut</span> <span class='ocrx_word' id='word_1_94' title='bbox 1289 1577 1453 1626; x_wconf 88' lang='lat' dir='ltr'>melior</span> <span class='ocrx_word' id='word_1_95' title='bbox 1476 1591 1601 1640; x_wconf 69' lang='lat' dir='ltr'>para,</span> <span class='ocrx_word' id='word_1_96' title='bbox 1692 1577 1754 1625; x_wconf 76' lang='lat'>15</span> 
     </span>
     <span class='ocr_line' id='line_1_19' title="bbox 321 1641 1148 1705; baseline 0 -15"><span class='ocrx_word' id='word_1_97' title='bbox 321 1641 461 1690; x_wconf 84' lang='lat' dir='ltr'>Malis</span> <span class='ocrx_word' id='word_1_98' title='bbox 485 1659 645 1691; x_wconf 88' lang='lat' dir='ltr'>carere</span> <span class='ocrx_word' id='word_1_99' title='bbox 669 1644 875 1705; x_wconf 75' lang='lat' dir='ltr'>quaeritis</span> <span class='ocrx_word' id='word_1_100' title='bbox 898 1643 1148 1691; x_wconf 87' lang='lat' dir='ltr'>laboribus.</span> 
     </span>
     <span class='ocr_line' id='line_1_20' title="bbox 254 1708 1392 1771; baseline 0.001 -16"><span class='ocrx_word' id='word_1_101' title='bbox 254 1708 400 1756; x_wconf 90' lang='lat' dir='ltr'>Nulla</span> <span class='ocrx_word' id='word_1_102' title='bbox 422 1708 482 1756; x_wconf 86' lang='lat' dir='ltr'>sit</span> <span class='ocrx_word' id='word_1_103' title='bbox 504 1710 592 1755; x_wconf 87' lang='lat' dir='ltr'>hac</span> <span class='ocrx_word' id='word_1_104' title='bbox 616 1711 765 1771; x_wconf 88' lang='lat' dir='ltr'>potior</span> <span class='ocrx_word' id='word_1_105' title='bbox 789 1710 1047 1758; x_wconf 85' lang='lat' dir='ltr'>sententia:</span> <span class='ocrx_word' id='word_1_106' title='bbox 1083 1709 1392 1757; x_wconf 85' lang='lat' dir='ltr'>Phocaeorum</span> 
     </span>
     <span class='ocr_line' id='line_1_21' title="bbox 320 1775 1153 1837; baseline 0 -15"><span class='ocrx_word' id='word_1_107' title='bbox 320 1775 464 1822; x_wconf 88' lang='lat' dir='ltr'>Velut</span> <span class='ocrx_word' id='word_1_108' title='bbox 486 1775 690 1837; x_wconf 85' lang='lat' dir='ltr'>profugit</span> <span class='ocrx_word' id='word_1_109' title='bbox 711 1783 952 1822; x_wconf 78' lang='lat' dir='ltr'>exsecrata</span> <span class='ocrx_word' id='word_1_110' title='bbox 975 1775 1153 1835; x_wconf 88' lang='lat' dir='ltr'>civitas,</span> 
     </span>
     <span class='ocr_line' id='line_1_22' title="bbox 254 1836 1487 1905; baseline 0 -16"><span class='ocrx_word' id='word_1_111' title='bbox 254 1841 411 1905; x_wconf 86' lang='lat' dir='ltr'>Agros</span> <span class='ocrx_word' id='word_1_112' title='bbox 433 1850 570 1903; x_wconf 90' lang='lat' dir='ltr'>atque</span> <span class='ocrx_word' id='word_1_113' title='bbox 594 1841 739 1888; x_wconf 86' lang='lat' dir='ltr'>Lares</span> <span class='ocrx_word' id='word_1_114' title='bbox 759 1842 982 1904; x_wconf 91' lang='lat' dir='ltr'>proprios,</span> <span class='ocrx_word' id='word_1_115' title='bbox 1008 1836 1355 1904; x_wconf 89' lang='lat' dir='ltr'>habitandaque</span> <span class='ocrx_word' id='word_1_116' title='bbox 1376 1840 1487 1890; x_wconf 86' lang='lat' dir='ltr'>fana</span> 
     </span>
     <span class='ocr_line' id='line_1_23' title="bbox 318 1905 1752 1971; baseline 0 -16"><span class='ocrx_word' id='word_1_117' title='bbox 318 1906 462 1970; x_wconf 77' lang='lat' dir='ltr'>Apris</span> <span class='ocrx_word' id='word_1_118' title='bbox 484 1905 673 1969; x_wconf 89' lang='lat' dir='ltr'>reliquit</span> <span class='ocrx_word' id='word_1_119' title='bbox 693 1915 744 1955; x_wconf 86' lang='lat' dir='ltr'>et</span> <span class='ocrx_word' id='word_1_120' title='bbox 764 1908 1012 1970; x_wconf 87' lang='lat' dir='ltr'>rapacibus</span> <span class='ocrx_word' id='word_1_121' title='bbox 1035 1907 1184 1971; x_wconf 90' lang='lat' dir='ltr'>lupis;</span> <span class='ocrx_word' id='word_1_122' title='bbox 1684 1906 1752 1955; x_wconf 74' lang='lat'>2⁰</span> 
     </span>
     <span class='ocr_line' id='line_1_24' title="bbox 251 1971 1580 2038; baseline 0.002 -18"><span class='ocrx_word' id='word_1_123' title='bbox 251 1971 329 2020; x_wconf 91' lang='lat' dir='ltr'>Ire</span> <span class='ocrx_word' id='word_1_124' title='bbox 385 1973 497 2020; x_wconf 89' lang='lat' dir='ltr'>edes</span> <span class='ocrx_word' id='word_1_125' title='bbox 519 1978 799 2037; x_wconf 84' lang='lat' dir='ltr'>quocunque</span> <span class='ocrx_word' id='word_1_126' title='bbox 823 1973 991 2034; x_wconf 79' lang='lat' dir='ltr'>ferent,</span> <span class='ocrx_word' id='word_1_127' title='bbox 1014 1989 1296 2038; x_wconf 89' lang='lat' dir='ltr'>quocunque</span> <span class='ocrx_word' id='word_1_128' title='bbox 1318 1989 1401 2038; x_wconf 90' lang='lat' dir='ltr'>per</span> <span class='ocrx_word' id='word_1_129' title='bbox 1424 1972 1580 2022; x_wconf 78' lang='lat' dir='ltr'>undas</span> 
     </span>
     <span class='ocr_line' id='line_1_25' title="bbox 368 2038 1276 2102; baseline -0.001 -15"><span class='ocrx_word' id='word_1_130' title='bbox 368 2047 472 2087; x_wconf 90' lang='lat' dir='ltr'>otus</span> <span class='ocrx_word' id='word_1_131' title='bbox 496 2039 678 2086; x_wconf 89' lang='lat' dir='ltr'>vocabit</span> <span class='ocrx_word' id='word_1_132' title='bbox 700 2049 782 2087; x_wconf 85' lang='lat' dir='ltr'>aut</span> <span class='ocrx_word' id='word_1_133' title='bbox 802 2049 1048 2102; x_wconf 87' lang='lat' dir='ltr'>protervus</span> <span class='ocrx_word' id='word_1_134' title='bbox 1071 2038 1276 2088; x_wconf 70' lang='lat' dir='ltr'>Ati-icus,</span> 
     </span>
     <span class='ocr_line' id='line_1_26' title="bbox 253 2104 1629 2168; baseline -0.001 -15"><span class='ocrx_word' id='word_1_135' title='bbox 253 2105 337 2153; x_wconf 87' lang='lat' dir='ltr'>Sic</span> <span class='ocrx_word' id='word_1_136' title='bbox 359 2105 546 2167; x_wconf 71' lang='lat' dir='ltr'>placet?</span> <span class='ocrx_word' id='word_1_137' title='bbox 582 2121 643 2152; x_wconf 90' lang='lat' dir='ltr'>an</span> <span class='ocrx_word' id='word_1_138' title='bbox 667 2104 837 2153; x_wconf 71' lang='lat' dir='ltr'>melius</span> <span class='ocrx_word' id='word_1_139' title='bbox 860 2112 966 2168; x_wconf 82' lang='lat' dir='ltr'>quis</span> <span class='ocrx_word' id='word_1_140' title='bbox 988 2107 1130 2154; x_wconf 90' lang='lat' dir='ltr'>habet</span> <span class='ocrx_word' id='word_1_141' title='bbox 1152 2106 1382 2154; x_wconf 65' lang='lat' dir='ltr'>suadere?</span> <span class='ocrx_word' id='word_1_142' title='bbox 1417 2104 1629 2153; x_wconf 65' lang='lat' dir='ltr'>secunda</span> 
     </span>
     <span class='ocr_line' id='line_1_27' title="bbox 290 2171 1304 2234; baseline 0.001 -16"><span class='ocrx_word' id='word_1_143' title='bbox 290 2182 294 2194; x_wconf 52' lang='lat' dir='ltr'><em>f</em></span> <span class='ocrx_word' id='word_1_144' title='bbox 318 2171 491 2218; x_wconf 85' lang='lat' dir='ltr'>Ratem</span> <span class='ocrx_word' id='word_1_145' title='bbox 514 2186 746 2233; x_wconf 88' lang='lat' dir='ltr'>occupare</span> <span class='ocrx_word' id='word_1_146' title='bbox 769 2171 879 2234; x_wconf 90' lang='lat' dir='ltr'>quid</span> <span class='ocrx_word' id='word_1_147' title='bbox 952 2188 1138 2220; x_wconf 88' lang='lat' dir='ltr'>oramur</span> <span class='ocrx_word' id='word_1_148' title='bbox 1161 2173 1304 2219; x_wconf 65' lang='lat' dir='ltr'>alite?</span> 
     </span>
     <span class='ocr_line' id='line_1_28' title="bbox 251 2235 1750 2299; baseline 0 -14"><span class='ocrx_word' id='word_1_149' title='bbox 251 2235 347 2285; x_wconf 84' lang='lat' dir='ltr'>Sed</span> <span class='ocrx_word' id='word_1_150' title='bbox 367 2237 578 2299; x_wconf 89' lang='lat' dir='ltr'>juremus</span> <span class='ocrx_word' id='word_1_151' title='bbox 602 2238 650 2283; x_wconf 90' lang='lat' dir='ltr'>in</span> <span class='ocrx_word' id='word_1_152' title='bbox 675 2238 804 2285; x_wconf 85' lang='lat' dir='ltr'>haec:</span> <span class='ocrx_word' id='word_1_153' title='bbox 841 2242 869 2262; x_wconf 80' lang='lat'>‘⁴</span> <span class='ocrx_word' id='word_1_154' title='bbox 927 2236 1040 2284; x_wconf 90' lang='lat' dir='ltr'>imul</span> <span class='ocrx_word' id='word_1_155' title='bbox 1065 2238 1171 2285; x_wconf 88' lang='lat' dir='ltr'>imis</span> <span class='ocrx_word' id='word_1_156' title='bbox 1194 2254 1306 2285; x_wconf 87' lang='lat' dir='ltr'>saxa</span> <span class='ocrx_word' id='word_1_157' title='bbox 1327 2236 1540 2285; x_wconf 70' lang='lat' dir='ltr'>renarint</span> <span class='ocrx_word' id='word_1_158' title='bbox 1683 2235 1750 2285; x_wconf 75' lang='lat'>25</span> 
     </span>
     <span class='ocr_line' id='line_1_29' title="bbox 330 2302 1195 2361; baseline 0 -10"><span class='ocrx_word' id='word_1_159' title='bbox 330 2302 478 2351; x_wconf 85' lang='lat' dir='ltr'>Vadis</span> <span class='ocrx_word' id='word_1_160' title='bbox 501 2303 666 2361; x_wconf 87' lang='lat' dir='ltr'>levata,</span> <span class='ocrx_word' id='word_1_161' title='bbox 692 2319 755 2350; x_wconf 89' lang='lat' dir='ltr'>ne</span> <span class='ocrx_word' id='word_1_162' title='bbox 777 2304 929 2351; x_wconf 90' lang='lat' dir='ltr'>redire</span> <span class='ocrx_word' id='word_1_163' title='bbox 954 2305 1014 2351; x_wconf 90' lang='lat' dir='ltr'>sit</span> <span class='ocrx_word' id='word_1_164' title='bbox 1036 2303 1195 2352; x_wconf 86' lang='lat' dir='ltr'>nefas:</span> 
     </span>
     <span class='ocr_line' id='line_1_30' title="bbox 250 2366 1534 2432; baseline 0 -16"><span class='ocrx_word' id='word_1_165' title='bbox 250 2366 362 2416; x_wconf 89' lang='lat' dir='ltr'>Neu</span> <span class='ocrx_word' id='word_1_166' title='bbox 386 2383 610 2415; x_wconf 88' lang='lat' dir='ltr'>conversa</span> <span class='ocrx_word' id='word_1_167' title='bbox 633 2369 823 2416; x_wconf 92' lang='lat' dir='ltr'>domum</span> <span class='ocrx_word' id='word_1_168' title='bbox 846 2370 1003 2432; x_wconf 87' lang='lat' dir='ltr'>pigeat</span> <span class='ocrx_word' id='word_1_169' title='bbox 1027 2371 1140 2417; x_wconf 87' lang='lat' dir='ltr'>dare</span> <span class='ocrx_word' id='word_1_170' title='bbox 1162 2369 1322 2428; x_wconf 88' lang='lat' dir='ltr'>lintea,</span> <span class='ocrx_word' id='word_1_171' title='bbox 1346 2368 1534 2431; x_wconf 89' lang='lat' dir='ltr'>quando</span> 
     </span>
     <span class='ocr_line' id='line_1_31' title="bbox 315 2432 1162 2491; baseline 0.002 -10"><span class='ocrx_word' id='word_1_172' title='bbox 315 2434 474 2481; x_wconf 85' lang='lat' dir='ltr'>Padus</span> <span class='ocrx_word' id='word_1_173' title='bbox 498 2432 679 2482; x_wconf 86' lang='lat' dir='ltr'>Matina</span> <span class='ocrx_word' id='word_1_174' title='bbox 702 2435 864 2483; x_wconf 86' lang='lat' dir='ltr'>laverit</span> <span class='ocrx_word' id='word_1_175' title='bbox 886 2435 1162 2491; x_wconf 81' lang='lat' dir='ltr'>cacumina;</span> 
     </span>
     <span class='ocr_line' id='line_1_32' title="bbox 250 2497 1382 2563; baseline 0 -17"><span class='ocrx_word' id='word_1_176' title='bbox 250 2497 310 2547; x_wconf 89' lang='lat' dir='ltr'>In</span> <span class='ocrx_word' id='word_1_177' title='bbox 334 2516 461 2546; x_wconf 89' lang='lat' dir='ltr'>mare</span> <span class='ocrx_word' id='word_1_178' title='bbox 484 2515 567 2546; x_wconf 88' lang='lat' dir='ltr'>seu</span> <span class='ocrx_word' id='word_1_179' title='bbox 591 2500 745 2546; x_wconf 86' lang='lat' dir='ltr'>celsus</span> <span class='ocrx_word' id='word_1_180' title='bbox 766 2501 1045 2562; x_wconf 88' lang='lat' dir='ltr'>procurrerit</span> <span class='ocrx_word' id='word_1_181' title='bbox 1073 2500 1356 2563; x_wconf 87' lang='lat' dir='ltr'>Apenninus</span> <span class='ocrx_word' id='word_1_182' title='bbox 1370 2516 1382 2557; x_wconf 91' lang='lat'>;</span> 
     </span>
     <span class='ocr_line' id='line_1_33' title="bbox 315 2562 1750 2628; baseline 0.001 -17"><span class='ocrx_word' id='word_1_183' title='bbox 315 2565 543 2627; x_wconf 70' lang='lat' dir='ltr'>Novaque</span> <span class='ocrx_word' id='word_1_184' title='bbox 569 2575 774 2612; x_wconf 90' lang='lat' dir='ltr'>monstra</span> <span class='ocrx_word' id='word_1_185' title='bbox 793 2565 1000 2628; x_wconf 89' lang='lat' dir='ltr'>junxerit</span> <span class='ocrx_word' id='word_1_186' title='bbox 1022 2566 1217 2613; x_wconf 91' lang='lat' dir='ltr'>libidine</span> <span class='ocrx_word' id='word_1_187' title='bbox 1683 2562 1750 2612; x_wconf 76' lang='grc'>30</span> 
     </span>
     <span class='ocr_line' id='line_1_34' title="bbox 250 2628 1411 2694; baseline -0.001 -16"><span class='ocrx_word' id='word_1_188' title='bbox 250 2628 402 2679; x_wconf 87' lang='lat' dir='ltr'>Mirus</span> <span class='ocrx_word' id='word_1_189' title='bbox 426 2647 569 2690; x_wconf 88' lang='lat' dir='ltr'>amor,</span> <span class='ocrx_word' id='word_1_190' title='bbox 590 2631 719 2693; x_wconf 89' lang='lat' dir='ltr'>juvet</span> <span class='ocrx_word' id='word_1_191' title='bbox 742 2641 795 2678; x_wconf 90' lang='lat' dir='ltr'>ut</span> <span class='ocrx_word' id='word_1_192' title='bbox 819 2631 960 2694; x_wconf 82' lang='lat' dir='ltr'>tigres</span> <span class='ocrx_word' id='word_1_193' title='bbox 983 2632 1223 2679; x_wconf 89' lang='lat' dir='ltr'>subsidere</span> <span class='ocrx_word' id='word_1_194' title='bbox 1247 2630 1411 2691; x_wconf 89' lang='lat' dir='ltr'>cervis,</span> 
     </span>
     <span class='ocr_line' id='line_1_35' title="bbox 314 2696 1112 2756; baseline 0.001 -13"><span class='ocrx_word' id='word_1_195' title='bbox 314 2696 619 2744; x_wconf 86' lang='lat' dir='ltr'>Adulteretur</span> <span class='ocrx_word' id='word_1_196' title='bbox 642 2706 689 2743; x_wconf 89' lang='lat' dir='ltr'>et</span> <span class='ocrx_word' id='word_1_197' title='bbox 712 2697 930 2745; x_wconf 90' lang='lat' dir='ltr'>columba</span> <span class='ocrx_word' id='word_1_198' title='bbox 952 2698 1112 2756; x_wconf 87' lang='lat' dir='ltr'>miluo,</span> 
     </span>
     <span class='ocr_line' id='line_1_36' title="bbox 248 2761 1379 2822; baseline 0 -13"><span class='ocrx_word' id='word_1_199' title='bbox 248 2761 458 2810; x_wconf 88' lang='lat' dir='ltr'>Credula</span> <span class='ocrx_word' id='word_1_200' title='bbox 481 2778 571 2809; x_wconf 88' lang='lat' dir='ltr'>nec</span> <span class='ocrx_word' id='word_1_201' title='bbox 594 2778 726 2810; x_wconf 90' lang='lat' dir='ltr'>ravos</span> <span class='ocrx_word' id='word_1_202' title='bbox 749 2763 947 2813; x_wconf 84' lang='lat' dir='ltr'>timeant</span> <span class='ocrx_word' id='word_1_203' title='bbox 970 2771 1180 2810; x_wconf 89' lang='lat' dir='ltr'>armenta</span> <span class='ocrx_word' id='word_1_204' title='bbox 1201 2763 1379 2822; x_wconf 87' lang='lat' dir='ltr'>leones,</span> 
     </span>
     <span class='ocr_line' id='line_1_37' title="bbox 315 2828 1270 2891; baseline 0.002 -17"><span class='ocrx_word' id='word_1_205' title='bbox 315 2829 549 2890; x_wconf 89' lang='lat' dir='ltr'>Ametque</span> <span class='ocrx_word' id='word_1_206' title='bbox 573 2828 694 2875; x_wconf 87' lang='lat' dir='ltr'>salsa</span> <span class='ocrx_word' id='word_1_207' title='bbox 717 2828 830 2877; x_wconf 88' lang='lat' dir='ltr'>levis</span> <span class='ocrx_word' id='word_1_208' title='bbox 854 2828 1013 2876; x_wconf 89' lang='lat' dir='ltr'>hircus</span> <span class='ocrx_word' id='word_1_209' title='bbox 1037 2829 1270 2891; x_wconf 83' lang='lat' dir='ltr'>aequora.&#39;&#39;</span> 
     </span>
     <span class='ocr_line' id='line_1_38' title="bbox 249 2890 1749 2956; baseline 0.001 -16"><span class='ocrx_word' id='word_1_210' title='bbox 249 2890 388 2952; x_wconf 80' lang='lat' dir='ltr'>Haec,</span> <span class='ocrx_word' id='word_1_211' title='bbox 411 2903 459 2940; x_wconf 86' lang='lat' dir='ltr'>et</span> <span class='ocrx_word' id='word_1_212' title='bbox 480 2908 584 2956; x_wconf 83' lang='lat' dir='ltr'>quae</span> <span class='ocrx_word' id='word_1_213' title='bbox 607 2904 826 2956; x_wconf 88' lang='lat' dir='ltr'>poterunt</span> <span class='ocrx_word' id='word_1_214' title='bbox 847 2894 1026 2942; x_wconf 90' lang='lat' dir='ltr'>reditus</span> <span class='ocrx_word' id='word_1_215' title='bbox 1050 2893 1532 2954; x_wconf 80' lang='lat' dir='ltr'>abscindere‘dulces,</span> <span class='ocrx_word' id='word_1_216' title='bbox 1680 2891 1749 2941; x_wconf 64' lang='lat' dir='ltr'>S</span> 
     </span>
     <span class='ocr_line' id='line_1_39' title="bbox 314 2957 1749 3020; baseline 0.004 -16"><span class='ocrx_word' id='word_1_217' title='bbox 314 2957 490 3005; x_wconf 87' lang='lat' dir='ltr'>Eamus</span> <span class='ocrx_word' id='word_1_218' title='bbox 510 2960 664 3006; x_wconf 89' lang='lat' dir='ltr'>omnis</span> <span class='ocrx_word' id='word_1_219' title='bbox 687 2970 929 3007; x_wconf 86' lang='lat' dir='ltr'>exsecrata</span> <span class='ocrx_word' id='word_1_220' title='bbox 952 2960 1130 3020; x_wconf 83' lang='lat' dir='ltr'>civitas,</span> <span class='ocrx_word' id='word_1_221' title='bbox 1744 2959 1749 2966; x_wconf 78' lang='grc'><strong>’</strong></span> 
     </span>
     <span class='ocr_line' id='line_1_40' title="bbox 250 3022 1519 3090; baseline 0.006 -22"><span class='ocrx_word' id='word_1_222' title='bbox 250 3022 351 3070; x_wconf 85' lang='lat' dir='ltr'>Aut</span> <span class='ocrx_word' id='word_1_223' title='bbox 373 3040 477 3085; x_wconf 88' lang='lat' dir='ltr'>pars</span> <span class='ocrx_word' id='word_1_224' title='bbox 501 3024 692 3072; x_wconf 85' lang='lat' dir='ltr'>indocili</span> <span class='ocrx_word' id='word_1_225' title='bbox 715 3026 878 3074; x_wconf 88' lang='lat' dir='ltr'>melior</span> <span class='ocrx_word' id='word_1_226' title='bbox 901 3042 1072 3090; x_wconf 88' lang='lat' dir='ltr'>grege:</span> <span class='ocrx_word' id='word_1_227' title='bbox 1107 3026 1259 3074; x_wconf 90' lang='lat' dir='ltr'>mollis</span> <span class='ocrx_word' id='word_1_228' title='bbox 1281 3035 1329 3074; x_wconf 91' lang='lat' dir='ltr'>et</span> <span class='ocrx_word' id='word_1_229' title='bbox 1350 3037 1519 3089; x_wconf 70' lang='lat' dir='ltr'>exspes</span> 
     </span>
     <span class='ocr_line' id='line_1_41' title="bbox 317 3087 1150 3154; baseline 0.007 -20"><span class='ocrx_word' id='word_1_230' title='bbox 317 3087 582 3137; x_wconf 89' lang='lat' dir='ltr'>lnominata</span> <span class='ocrx_word' id='word_1_231' title='bbox 604 3092 858 3154; x_wconf 87' lang='lat' dir='ltr'>perprimat</span> <span class='ocrx_word' id='word_1_232' title='bbox 879 3092 1068 3140; x_wconf 87' lang='lat' dir='ltr'>cubilia.</span> <span class='ocrx_word' id='word_1_233' title='bbox 1144 3127 1150 3134; x_wconf 87' lang='lat'>-</span> 
     </span>
     <span class='ocr_line' id='line_1_42' title="bbox 249 3152 1519 3217; baseline 0.005 -19"><span class='ocrx_word' id='word_1_234' title='bbox 249 3152 364 3212; x_wconf 85' lang='lat' dir='ltr'>Vos,</span> <span class='ocrx_word' id='word_1_235' title='bbox 387 3154 556 3216; x_wconf 90' lang='lat' dir='ltr'>quibus</span> <span class='ocrx_word' id='word_1_236' title='bbox 578 3164 648 3203; x_wconf 89' lang='lat' dir='ltr'>est</span> <span class='ocrx_word' id='word_1_237' title='bbox 671 3156 830 3217; x_wconf 88' lang='lat' dir='ltr'>virtus,</span> <span class='ocrx_word' id='word_1_238' title='bbox 855 3157 1131 3205; x_wconf 88' lang='lat' dir='ltr'>muliebrem</span> <span class='ocrx_word' id='word_1_239' title='bbox 1154 3158 1299 3207; x_wconf 85' lang='lat' dir='ltr'>tollite</span> <span class='ocrx_word' id='word_1_240' title='bbox 1321 3158 1519 3217; x_wconf 88' lang='lat' dir='ltr'>luctum,</span> 
     </span>
    </p>
   </div>
   <div class='ocr_carea' id='block_1_5' title="bbox 315 3218 1748 3318">
    <p class='ocr_par' dir='ltr' id='par_1_5' title="bbox 315 3218 1748 3318">
     <span class='ocr_line' id='line_1_43' title="bbox 315 3218 1748 3318; baseline 0.005 -52"><span class='ocrx_word' id='word_1_241' title='bbox 315 3218 516 3267; x_wconf 84' lang='lat' dir='ltr'>Etrusca</span> <span class='ocrx_word' id='word_1_242' title='bbox 537 3229 705 3318; x_wconf 46' lang='lat' dir='ltr'>pzaeter</span> <span class='ocrx_word' id='word_1_243' title='bbox 728 3231 776 3270; x_wconf 91' lang='lat' dir='ltr'>et</span> <span class='ocrx_word' id='word_1_244' title='bbox 798 3223 947 3271; x_wconf 88' lang='lat' dir='ltr'>volate</span> <span class='ocrx_word' id='word_1_245' title='bbox 970 3223 1138 3272; x_wconf 79' lang='lat' dir='ltr'>littora.</span> <span class='ocrx_word' id='word_1_246' title='bbox 1681 3218 1748 3267; x_wconf 69' lang='lat'>4⁰</span> 
     </span>
    </p>
   </div>
  </div>
 </body>
</html>
