1936 3450
586 308 994 351 EPISTOLARUM
1023 309 1131 349 LIB.
1162 309 1196 350 Ι.
1225 313 1267 351 4.

173 429 304 480 Bella
325 429 428 492 quis
450 438 498 477 et
518 446 661 492 paces
683 429 876 493 longum
900 429 1120 477 diffundit
1142 429 1191 476 in
1217 445 1368 477 aevum
1386 431 1406 479 ’ἱ

170 497 307 548 Quid
331 495 504 554 Titius,
529 496 749 542 Romana
773 496 900 542 brevi
924 505 1145 543 venturus
1169 496 1218 542 in
1241 513 1340 557 ora,

174 561 415 610 Pindarici
441 561 578 608 fontis
601 562 681 623 qui
705 578 800 609 non
823 561 1046 623 expalluit
1064 562 1272 623 haustus,

174 626 410 687 Fastidire>
429 627 560 673 lacus
582 637 630 674 et
652 628 779 674 rivos¹
795 643 937 673 ausus
955 629 1171 689 apertos?
1241 682 1245 686 .

173 694 240 741 Ut
262 694 420 741 valet?
454 703 505 739 ut
528 694 742 740 meminit
763 692 942 740 nostri?
977 693 1209 740 fidibusne
1234 691 1417 740 Latinis

173 759 436 809 Thebanos
460 768 618 820 aptare
641 760 804 805 modos
827 760 1008 821 studet„
1024 757 1417 821 auspiceMusa'!

175 826 256 872 An
279 825 460 887 tragica
484 825 675 871 desaevit
696 834 744 871 et
766 825 1044 887 ampullatur
1068 825 1116 871 in
1141 835 1238 871 arte
1257 826 1276 870 ‘l

1648 313 1742 362 149

1683 563 1744 611 10

171 891 307 941 Quid
327 890 442 936 mihi
467 890 636 936 Celsus
661 890 789 952 agit?
825 891 1044 949 monitus,
1064 888 1357 952 multumque
1373 891 1654 952 monendus,
1684 892 1744 938 15

174 957 384 1004 Privatas
408 965 458 1002 ut
481 965 656 1017 quaerat
680 972 808 1018 opes,
833 965 880 1002 et
902 965 1095 1017 tangere
1120 957 1230 1003 vitet

175 1023 362 1085 Scripta
385 1021 625 1068 Palatinus
649 1037 940 1083 quaecunque
965 1021 1141 1084 recepit
1165 1022 1362 1084 Apollo:

174 1088 268 1147 Ne,
292 1088 332 1135 si
356 1085 472 1135 forte
497 1103 605 1133 suas
627 1088 874 1149 repetitum
900 1087 1076 1134 venerit
1097 1087 1206 1134 olim

174 1155 304 1201 Grex
326 1154 481 1200 avium
505 1153 705 1215 plumas,
731 1161 914 1200 moveat
936 1153 1177 1200 cornicula
1200 1153 1361 1212 risum,

176 1219 380 1266 Furtivis
403 1219 579 1265 nudata
601 1219 848 1265 coloribus.
919 1217 1026 1280 Ipse
1049 1219 1161 1281 quid
1186 1219 1364 1266 audes?
1422 1215 1429 1221 ”

175 1286 302 1337 Quae
326 1284 671 1332 circumvolitas
697 1285 831 1346 agilis
854 1285 1046 1345 thyma?
1082 1301 1177 1331 non
1202 1284 1288 1331 tibi
1310 1300 1504 1347 parvum

178 1351 450 1415 Ingenium,
474 1366 570 1397 non
594 1350 824 1398 incultum
848 1359 934 1409 est,
960 1366 1050 1396 nec
1073 1351 1268 1413 turpiter-
1293 1352 1480 1399 hirtum.

178 1419 276 1465 Seu
298 1418 510 1480 linguam
538 1417 693 1463 causis
717 1416 864 1475 acuis,
889 1432 973 1462 seu
996 1417 1146 1463 civica
1166 1417 1272 1479 jura

179 1484 490 1546 Respondete
512 1499 664 1544 paras,
688 1498 772 1529 seu
796 1483 962 1530 condis
986 1482 1185 1529 amabile
1209 1499 1417 1542 carmen,

175 1550 335 1597 Prima
360 1549 479 1596 feres
504 1549 689 1595 hederae
714 1549 918 1596 victricis
940 1549 1158 1611 praemia:
1193 1546 1320 1610 quod
1343 1549 1383 1596 si

176 1615 369 1678 Frigida
393 1630 613 1661 curarum
631 1614 844 1661 'fomenta
866 1615 1128 1676 relinquere
1150 1630 1329 1676 posses,

176 1680 293 1732 Quo
318 1691 363 1738 te
388 1680 590 1727 coelestis
614 1681 841 1741 sapientia
863 1681 1074 1738 duceret,
1099 1680 1204 1726 ires.

178 1747 287 1794 Hoc
312 1762 444 1809 opus,
470 1747 559 1792 hoc
583 1746 788 1792 studium
813 1746 940 1808 parvi
963 1761 1262 1808 properemus
1285 1757 1334 1792 et
1356 1746 1512 1808 ampli,

178 1814 232 1860 Si
255 1813 415 1875 patriae
440 1812 668 1870 volumus,
694 1812 732 1857 si
757 1812 908 1870 nobis,
933 1812 1084 1859 vivere
1108 1812 1219 1858 cari.
1352 1810 1354 1812 ’

242 1879 400 1925 Debes
425 1879 514 1924 hoc
536 1877 677 1924 etiam
702 1878 978 1937 rescribere,
999 1877 1038 1924 si
1061 1877 1145 1924 tibi
1170 1893 1310 1936 curae‚

174 1944 384 1995 Quantae
409 1943 671 2002 conveniat,
699 1942 942 1991 Munatius
963 1959 972 1990 :
1010 1959 1069 1989 an
1093 1941 1215 1990 male
1241 1952 1365 1989 sarta

174 2011 339 2057 Gratia
363 2009 675 2071 nequidquam
700 2009 795 2056 coit
817 2020 864 2056 et
887 2009 1199 2056 rescinditur?
1234 2018 1282 2055 at
1306 2024 1385 2056 vos

177 2077 274 2123 Seu
298 2076 478 2122 calidus
501 2075 710 2136 sanguiS,
733 2091 816 2122 seu
840 2091 997 2122 rerum
1021 2075 1212 2122 inscitia
1234 2084 1371 2122 vexat

176 2141 413 2189 Indomita
439 2141 623 2188 cervice
648 2141 784 2200 feros,
810 2138 1079 2203 ubicunque
1102 2141 1313 2187 locorum

176 2207 363 2267 vivitis,
390 2207 571 2269 indigni
599 2206 853 2254 fraternum
877 2223 1092 2269 rumpere
1117 2207 1283 2265 foedus,

176 2272 390 2321 Pascitur
414 2274 463 2321 in
486 2281 690 2319 vestrum
714 2274 917 2320 reditum
941 2273 1091 2320 votiva
1109 2272 1325 2335 juvenca.

701 2531 1037 2580 EPISTOLA
1074 2533 1160 2580 IV.

624 2647 690 2679 AD
725 2647 918 2679 ALBIUM
952 2647 1220 2680 TIBULLUM„

180 2733 327 2792 ALm,
351 2741 615 2780 nostrorum
641 2745 910 2778 sermonum
935 2730 1136 2777 candide
1155 2730 1316 2792 judex,

179 2798 314 2849 Quid
339 2814 468 2844 nunc
493 2807 538 2845 te
562 2797 716 2843 dicam
743 2797 897 2843 facere
921 2796 970 2843 in
994 2796 1185 2858 regione
1210 2795 1434 2843 Pedana!

180 2863 398 2911 Scribere
421 2863 544 2924 quod
569 2862 704 2910 Cassi
730 2862 997 2909 Parmensis
1018 2861 1244 2923 opuscula
1267 2862 1457 2909 vincat?

182 2929 262 2974 An
286 2929 478 2975 tacitum
502 2928 639 2975 silvas
663 2929 783 2975 inter
807 2936 986 2989 reptare
1011 2927 1236 2986 salubres,

180 2994 438 3040 Curantem
463 2994 685 3054 quidquid
709 2994 905 3056 dignum
930 2993 1144 3055 sapiente
1169 2993 1381 3053 bonoque
1405 2993 1508 3039 est?

180 3057 293 3105 Non
318 3067 368 3105 tu
391 3073 559 3119 corpus
580 3074 684 3105 eras
706 3059 807 3105 sine
830 3068 1033 3121 pectore.
1101 3056 1165 3104 Di
1188 3058 1273 3104 tibi
1298 3058 1507 3117 formam,

181 3120 244 3171 Di
268 3123 352 3171 tibi
376 3122 558 3169 divitias
580 3123 825 3183 dederunt,
849 3134 1087 3185 artemque
1112 3123 1309 3170 fruendi.

245 3188 379 3239 Quid
405 3197 566 3235 voveat
589 3189 716 3236 dulci
740 3189 975 3236 nutricula
998 3188 1146 3250 majus
1170 3189 1376 3247 alumno,

179 3253 287 3307 Qui
310 3269 473 3317 sapere
497 3252 652 3365 {asari
673 3254 818 3315 possit
840 3269 944 3316 quae
967 3255 1152 3313 sentiat,
1176 3263 1225 3300 et
1246 3253 1326 3300 cui

1678 1220 1744 1267 20

1677 1549 1743 1596 25

1671 1878 1740 1926 30
