1976 3432
713 241 764 288 Q.
794 240 1035 282 HORATII
1063 241 1269 284 FLAccl

428 358 570 408 Rava
591 360 848 408 decurrens
870 361 980 424 lupa
1003 360 1268 422 Lanuvino,

821 426 1048 488 Foetaque
1071 427 1261 490 vulpes:

432 490 645 555 Rumpat
667 500 714 540 et
737 507 930 555 serpens
952 493 1039 540 iter
1063 493 1347 554 institutum,

431 557 484 604 Si
506 573 589 620 per
612 558 865 620 obliquum]
878 558 1045 606 similis
1066 559 1250 621 sagittae

431 622 630 671 Terruit
651 632 863 670 mannos.
889 626 894 627 ⁷
934 623 1038 687 Ego
1061 624 1137 670 cui
1157 624 1349 684 timebo,

823 689 1050 737 Providus
1074 706 1265 752 auspex,

432 754 700 816 Antequam
727 762 902 802 stantes
925 764 1103 818 repetat
1120 755 1315 818 paludes

429 819 657 868 Imbrium
684 821 842 867 divina
865 821 960 867 avis
985 821 1331 881 imniinentfim,

430 886 660 933 Oscinem
683 902 872 933 corvum
896 903 1036 949 prece
1060 887 1296 934 suscitabo

821 952 943 998 Solis
967 953 1025 998 ab
1048 962 1167 999 ortU.

431 1017 508 1064 Sis
530 1018 642 1064 licet
665 1017 776 1064 felix
798 1018 1066 1080 ubicunque
1090 1018 1253 1078 mavis,

429 1083 492 1130 Et
514 1100 692 1130 memor
716 1084 878 1143 nostri,
896 1084 1109 1143 Galatea,
1129 1084 1281 1131 vivas:

429 1149 597 1212 Teque
621 1165 711 1196 nec
735 1150 877 1196 laevus
901 1158 1024 1196 vetet
1046 1150 1112 1196 ire
1135 1150 1287 1212 picus,

818 1215 925 1262 Nec
949 1231 1065 1278 vaga
1088 1215 1265 1262 cornix.

430 1280 525 1328 Sed
549 1281 679 1327 vides
701 1291 875 1342 quanto
900 1282 1100 1343 trepidet
1122 1281 1325 1328 tumultu

427 1346 610 1394 Pronus
634 1346 797 1394 Orion.
867 1346 971 1410 Ego
993 1347 1104 1409 quid
1129 1347 1188 1394 sit
1211 1352 1310 1394 ater

429 1412 623 1460 Hadriae
648 1414 754 1460 novi
779 1413 909 1459 sinus
932 1414 1112 1475 etquid
1132 1413 1267 1459 albus

819 1479 993 1526 Peccet
1016 1478 1176 1542 Iapyx.

429 1545 651 1592 Hostium
675 1561 842 1592 uxores
864 1545 1087 1607 puerique
1111 1560 1263 1591 caecos

429 1612 646 1658 Sentiant
669 1620 822 1657 motus
845 1611 1037 1658 orientis
1061 1611 1241 1670 Austri,
1265 1617 1312 1657 et

429 1677 651 1740 AEquoris
675 1677 797 1740 nigri
822 1676 1074 1735 fremitum,
1098 1686 1145 1723 et
1167 1683 1423 1724 trementes

817 1743 1027 1789 Verbere
1050 1742 1199 1804 ripas!

430 1809 511 1856 Sic
535 1818 582 1856 et
606 1808 795 1871 Europe
819 1809 1007 1856 niveum
1033 1809 1192 1856 doloso

428 1875 646 1922 Credidit
667 1884 800 1921 tauro
823 1874 960 1934 latus,
984 1883 1032 1921 et
1055 1882 1312 1921 scatentem

426 1941 604 1988 Belluis
626 1950 821 2003 pontum
846 1941 1117 2002 mediasque
1143 1940 1329 1987 fraudes

820 2006 992 2053 Palluit
1015 2007 1180 2053 audax.

426 2072 593 2135 Nuper
617 2073 666 2120 in
690 2072 833 2135 pratis
857 2073 1067 2119 studiosa
1090 2071 1272 2131 florum,
1297 2080 1346 2119 et

426 2138 610 2185 Debitae
636 2138 870 2201 Nymphis
893 2138 1049 2200 opifex
1066 2154 1266 2196 coronae,

426 2204 582 2253 Nocte
609 2204 830 2251 sublustri
855 2205 971 2250 nihil
998 2213 1120 2251 astra
1141 2213 1309 2266 praeter

819 2269 952 2317 Vidit
978 2278 1024 2316 et
1047 2270 1211 2316 undas.

423 2336 550 2386 Quae
574 2335 711 2382 simul
736 2344 927 2382 centum
952 2335 1104 2397 tetigit
1126 2343 1363 2397 potentem

425 2402 625 2464 Oppidis
649 2401 841 2459 Creten,
867 2401 1063 2460 “Pater‚
1087 2417 1116 2447 o
1139 2401 1355 2447 relictum

426 2468 560 2515 Filiae
585 2483 776 2526 nomen,
799 2439 1085 2530 pietasquess’
1112 2467 1244 2526 dixit,

818 2533 1004 2580 “Victa
1028 2532 1208 2579 furore!

425 2599 598 2646 Unde?
633 2595 726 2660 quo
750 2598 891 2645 veni?
926 2597 1064 2644 Levis
1087 2614 1184 2644 una
1207 2613 1330 2644 mors
1352 2606 1424 2646 est

425 2665 675 2727 Virginum
701 2663 863 2726 culpae.
933 2664 1209 2726 vigilansne
1231 2665 1362 2726 ploro

426 2729 590 2792 Turpe
615 2729 950 2777 commissum?
986 2745 1046 2775 an
1070 2729 1192 2776 vitiis
1217 2737 1456 2775 carentem

818 2794 1003 2842 Ludit
992 2811 1147 2857 imago

425 2860 579 2919 Vana,
606 2876 709 2921 quae
731 2860 864 2922 porta
890 2860 1074 2922 fugiens
1097 2859 1277 2906 eburna

428 2926 673 2973 Somnium
700 2926 859 2972 ducit‘l
929 2923 1164 2972 Meliusne
1191 2923 1360 2971 fluctus

427 2990 504 3038 Ire
526 3007 608 3053 per
632 2991 795 3052 longos
820 2991 920 3048 fuit,
947 3007 1006 3037 an
1031 2999 1245 3036 recentes

817 3055 1022 3117 Carpere
1046 3054 1215 3102 flores?

430 3122 482 3168 Si
505 3121 608 3183 quis
631 3121 852 3167 infamem
876 3121 991 3166 mihi
1016 3136 1144 3166 nunc
1163 3121 1419 3182 juvencum

428 3187 583 3235 Dedat
606 3186 760 3233 iratae!
796 3185 1002 3232 lacerare
1028 3185 1164 3245 ferro,
1187 3194 1236 3233 et

1745 821 1807 869 10

1744 1148 1805 1197 15

1733 2794 1800 2843 40
